4065 6049
741 493 763 552 1
780 492 862 553 48
2090 482 2283 539 Roma.

738 658 1006 712 GXLHI
1040 666 1132 712 717
1181 674 1236 711 n.
1276 665 1360 714 80.
1433 657 1791 726 Sclaapareui
1832 674 1889 712 n.
1927 664 2000 712 17.
2037 687 2103 696 —
2156 658 2315 726 Reyy.
2358 656 2599 724 Tou-iyio
2637 611 2685 690 ¹¹·
2723 659 2744 691 ’
2775 673 2834 726 p.
2865 664 2980 711 402.
3059 656 3305 727 Yon-igin
3352 657 3637 710 Historiea

734 746 1058 799 nav-rasione
1080 746 1216 799 della
1239 745 1418 799 chiesa
1433 744 1803 813 parroechiale
1826 744 1885 797 di
1910 743 1962 797 S.
1987 743 2248 797 Giacomo
2271 750 2438 811 αῙιοεί.
2463 744 2525 796 in
2553 744 2724 813 Boryo
2748 743 2849 811 (In
2869 744 3044 798 Roma
3070 747 3221 812 1649)
3232 762 3290 812 p.
3311 751 3351 800 7.
3389 742 3637 810 Adinolfi

743 832 832 886 La
865 833 1070 900 ρονιίοα
1106 831 1166 885 di
1199 831 1253 886 S.
1281 832 1468 886 Pietro
1493 850 1554 901 p.
1581 841 1658 887 14.
1694 831 1748 885 J.
1778 838 1919 886 3261.
1957 831 2073 887 JL.
2112 839 2263 886 4293.

1116 919 1195 973 De
1234 919 1371 974 locis
1408 920 1476 973 cf.
1502 918 1839 987 Tomassetti
1876 919 1912 974 l.
1935 937 1981 974 c.
2019 919 2102 973 111
2129 918 2308 986 (1880)
2348 917 2448 972 143
2468 936 2549 985 sq.
2589 917 2688 972 163
2705 935 2812 986 sq.;
2851 915 2901 970 V
2938 916 3122 985 (1882)
3158 917 3225 971 73
3249 934 3330 984 sq.
3368 948 3433 956 —
3473 914 3635 970 Conf.

945 1006 1119 1061 etiam
1147 1006 1346 1061 Leonis
1373 1006 1449 1061 IV
1476 1004 1779 1076 privilegia
1814 1023 1914 1075 pro
1934 1004 2219 1059 canonicis
2247 1004 2515 1059 basilicae
2551 1022 2594 1058 s.
2621 1002 2775 1058 Petri
2803 1003 2971 1070 (Eccl.
3009 1022 3048 1056 s.
3080 1003 3233 1057 Petri
3266 1004 3323 1057 in
3350 1001 3633 1057 Vaticano

943 1111 996 1147 n.
1023 1094 1106 1148 21.
1133 1094 1221 1162 22)
1262 1096 1320 1148 et
1356 1111 1456 1163 pro
1494 1111 1635 1148 mon.
1674 1112 1715 1148 s·
1755 1092 1986 1163 Martini
2023 1095 2096 1161 (n.
2121 1094 2191 1159 4).

1499 1437 2015 1506 nonasterium
2062 1454 2119 1505 s.
2152 1435 2497 1521 Stephani
2549 1436 2881 1504 minoris.

949 1598 1031 1652 Cf.
1070 1598 1215 1652 Eccl.
1253 1616 1294 1652 s,
1333 1596 1486 1652 Petri
1524 1598 1582 1651 in
1609 1597 1905 1655 Vaticano.

957 1772 1301 1838 Conditum
1359 1772 1423 1835 in
1482 1773 1655 1855 loco,
1724 1771 1833 1835 ubi
1891 1771 2084 1836 hodie
2139 1770 2444 1836 basilicae
2490 1771 2845 1835 Vaticanae
2899 1770 3246 1834 sacrarium
3294 1775 3533 1850 exstat,
3590 1791 3637 1832 a

743 1876 1073 1960 Stephano
1118 1876 1187 1940 II
1234 1876 1322 1962 (n.
1362 1876 1426 1961 1)
1473 1883 1540 1940 et
1586 1876 1873 1940 dotatum
1923 1897 1962 1939 a
2005 1876 2228 1939 Leone
2278 1874 2380 1938 HI
2426 1873 2595 1958 (Lib.
2628 1873 2854 1958 pontif.
2890 1874 2990 1938 ed.
3023 1873 3366 1938 Duchesne
3397 1871 3636 1956 1122),

740 1981 878 2044 solo
905 1988 1220 2065 aequatur
1249 1980 1364 2045 sub
1390 1979 1510 2044 Pio
1531 1980 1648 2046 VI.
1695 1980 1991 2066 Apparet
2015 1981 2232 2061 etiam,
2267 1986 2337 2042 ut
2367 1985 2553 2064 putat
2576 1978 2918 2043 Duchesne
2949 1978 3021 2063 (l.
3047 1998 3101 2043 c.
3126 1978 3159 2041 I
3184 1982 3309 2042 459
3340 1984 3471 2040 not.
3496 1976 3637 2060 42),

739 2083 858 2147 sub
903 2086 1161 2149 nomine
1209 2108 1256 2149 s.
1292 2084 1604 2169 Stephani
1652 2083 1733 2148 de
1765 2084 2022 2168 Agulia.
2087 2082 2209 2166 Ibi,
2255 2082 2338 2147 ad
2372 2083 2717 2147 australem
2750 2083 3048 2148 Vaticani
3093 2082 3318 2166 templi
3361 2087 3637 2166 partem,

741 2188 1105 2272 Stephanus
1137 2188 1170 2252 I
1201 2188 1578 2272 Hungariae
1615 2210 1751 2272 rex,
1799 2189 2006 2253 erexit
2061 2187 2447 2272 hospitalem
2503 2187 2763 2252 domum
2811 2187 3266 2271 Hungarorum
3315 2184 3423 2270 (cf.
3452 2207 3513 2249 n.
3541 2188 3640 2270 2),

740 2315 933 2377 quam
978 2293 1392 2358 Innocentius
1436 2292 1538 2355 III
1599 2293 1937 2377 privilegio
1996 2312 2110 2355 suo
2159 2313 2216 2355 a.
2271 2295 2432 2356 1205
2481 2299 2604 2355 oct.
2652 2296 2729 2355 15
2789 2292 3112 2355 canonicis
3157 2290 3217 2354 b.
3252 2289 3430 2354 Petri
3477 2310 3637 2353 con-

738 2398 1016 2461 firmavit
1061 2398 1390 2482 (Potthast
1433 2396 1599 2481 Reg.
1647 2396 1846 2481 2592)
1903 2401 1968 2460 et
2013 2394 2367 2478 Gregorius
2411 2394 2582 2458 XIII
2626 2417 2683 2459 a.
2722 2398 2885 2459 1583
2934 2395 3209 2478 collegio
3254 2393 3639 2477 Hungarico

742 2501 823 2566 de
902 2502 1079 2566 Urbe
1163 2503 1364 2566 univit
1433 2499 1541 2585 (cf.
1608 2500 1995 2565 Steinhuber
2071 2499 2460 2564 Geschichte
2531 2499 2645 2563 des
2711 2499 3076 2583 Collegium
3144 2496 3640 2561 Germanicum-

745 2605 1187 2690 Hungaricum
1233 2605 1267 2667 I
1304 2609 1422 2669 140
1449 2603 1592 2690 sq.).
1683 2604 1784 2668 Dc
1818 2603 1938 2667 hoc
1971 2606 2362 2668 monasterio
2410 2604 2489 2668 cf.
2524 2604 2610 2668 M.
2643 2603 2835 2690 Vegii
2880 2602 2983 2668 De
3017 2601 3153 2668 reb.
3185 2602 3463 2686 antiquis
3493 2600 3640 2664 bas.

743 2732 791 2772 s.
825 2708 1005 2774 Petri
1051 2708 1159 2772 lib.
1194 2707 1317 2784 1V;
1380 2709 1457 2772 O.
1500 2708 1796 2772 Panvinii
1839 2708 1941 2772 De
1988 2707 2121 2772 reb.
2169 2709 2446 2792 antiquis
2492 2707 2625 2773 bas.
2675 2707 2825 2773 vat.
2874 2707 2982 2771 lib.
3015 2707 3119 2770 III
3165 2728 3216 2770 c.
3259 2711 3363 2781 10;
3421 2704 3642 2768 Lubin

742 2837 803 2898 p.
843 2816 1001 2887 3343
1048 2812 1430 2878 Cancellieri
1476 2811 1580 2875 III
1631 2815 1815 2876 1483.
1868 2814 2029 2877 1534
2057 2833 2181 2897 sq.;
2229 2812 2569 2878 Armellini
2620 2812 2643 2851 ¹
2675 2834 2736 2897 p.
2771 2814 2928 2887 623;
2979 2812 3006 2851 2
3043 2834 3106 2896 p.
3142 2814 3286 2877 747.

956 3019 1166 3084 Unam
1212 3018 1550 3084 Benedicti
1596 3019 1658 3083 X
1710 3018 1954 3084 bullam
2009 3020 2224 3085 inveni
2276 3020 2341 3084 in
2388 3021 2547 3085 actis
2592 3018 2920 3084 cuiusdam
2969 3040 3303 3104 processus
3348 3039 3405 3082 a.
3445 3020 3641 3096 1354,

744 3145 908 3209 quae
956 3130 1214 3188 exstant
1258 3125 1322 3187 in
1367 3122 1682 3187 tabulario
1730 3125 2179 3188 canonicorum
2224 3124 2526 3189 basilicae
2573 3147 2621 3187 s.
2655 3125 2835 3188 Petri
2878 3123 3038 3208 [Κ].

746 3298 826 3360 *1
3183 3297 3546 3379 (752-57)

743 3403 1182 3486 Stephanus
1227 3403 1294 3466 Π
1343 3424 1421 3488 „a
1452 3402 1651 3467 tribus
1681 3403 2107 3486 monasteriis,
2156 3404 2264 3488 qui
2311 3425 2350 3467 a
2394 3404 2603 3487 prisco
2644 3409 2937 3488 tempore
2969 3403 3035 3467 in
3069 3404 3222 3469 eccl.
3255 3402 3317 3467 b.
3349 3403 3529 3468 Petri
3564 3453 3578 3466 .
3620 3454 3636 3466 .

744 3505 1024 3568 officium
1086 3507 1560 3591 persolvuntur,
1629 3505 1986 3591 adiungens
2041 3513 2369 3591 quartum,
2439 3506 2677 3570 ibidem
2733 3506 3090 3590 monachis,
3163 3508 3271 3592 qui
3316 3509 3526 3572 adhuc
3571 3509 3643 3572 in

745 3610 886 3692 ipso
934 3609 1472 3694 coniungerentur
1518 3610 1758 3692 officiO,
1814 3610 2089 3673 instituit
2143 3615 2336 3694 atque
2384 3608 2685 3674 abbatem
2733 3632 2924 3695 super
2968 3632 3080 3674 eos
3127 3611 3461 3675 ordinavit.
3551 3611 3644 3675 Et

744 3712 949 3776 multa
995 3712 1163 3777 dona
1210 3713 1296 3776 ibi
1343 3713 1608 3798 largitus
1654 3719 1772 3795 est,
1806 3718 1937 3776 tam
1984 3713 2281 3777 universa
2326 3735 2492 3798 quae
2540 3715 2601 3776 in
2648 3715 3035 3778 monasterio
3083 3715 3445 3779 necessaria
3489 3722 3645 3778 sunt

746 3816 1078 3881 monachis
1125 3838 1447 3902 quamque
1493 3817 1649 3881 foris
1695 3816 2049 3880 immobilia
2078 3818 2240 3900 loca,
2287 3818 2396 3902 qui
2442 3819 2505 3880 in
2536 3818 2875 3902 psallentio
2921 3818 2981 3882 b.
3015 3817 3194 3883 Petri
3241 3839 3383 3882 cum
3409 3838 3640 3901 supra-

745 3918 931 3984 dictis
979 3920 1179 3985 tribus
1222 3921 1629 3986 monasteriis
1674 3969 1689 3985 .
1728 3970 1741 3984 .
1791 3920 2179 3984 constituit“.

953 4048 1138 4103 Laud.
1175 4050 1236 4102 in
1273 4049 1394 4103 Vita
1433 4049 1693 4117 Stephani
1729 4049 1802 4102 II
1825 4048 1968 4115 (lab.
1997 4050 2200 4118 pontif.
2239 4049 2316 4104 cd.
2358 4049 2645 4105 Duchesne
2684 4051 2720 4104 1
2749 4054 2889 4120 451).
2926 4083 2991 4091 —
3033 4050 3296 4120 R09.JE.
3336 4082 3414 4105 —.

742 4205 788 4266 2
3108 4209 3281 4271 1058
3321 4210 3471 4273 mai.
3504 4213 3550 4272 8

745 4308 1228 4374 Benedictus
1289 4310 1355 4375 X
1423 4310 1779 4376 Adelberto
1861 4312 2251 4396 archipresb.
2336 4332 2411 4376 ac
2477 4312 2556 4376 R.
2624 4321 2691 4378 et
2756 4314 2831 4377 P.
2901 4321 3297 4399 cunctaeque
3366 4335 3641 4400 congre-

744 4413 988 4498 gationi
1034 4421 1184 4479 etc.:
1234 4416 1474 4500 statuit,
1521 4422 1592 4480 ut
1635 4416 1927 4500 Hungari
1977 4437 2200 4480 omnes
2245 4437 2437 4480 causa
2482 4419 2788 4482 orationis
2833 4425 2946 4482 aut
2988 4418 3329 4503 legationis
3358 4419 3643 4483 Romam

743 4517 1082 4581 venientes
1128 4541 1256 4582 non
1301 4520 1582 4584 habeant
1626 4520 1953 4583 licentiam
2001 4520 2367 4603 hospitandi
2424 4521 2489 4584 in
2542 4522 2759 4607 aliquo
2805 4522 2947 4587 loco
2994 4523 3159 4587 intra
3203 4544 3419 4586 muros
3462 4523 3643 4587 urbis

745 4620 997 4686 Romae
1044 4623 1164 4686 nisi
1210 4623 1294 4687 ad
1341 4646 1389 4687 s,
1424 4623 1823 4708 Stephanum
1869 4630 2056 4687 mart.
2105 4646 2165 4708 q.
2213 4646 2361 4708 app.
2409 4625 2634 4689 minor.

953 4750 1284 4818 Esccevsstum
1323 4752 1422 4806 K1.
1460 4751 1544 4804 K²
1578 4752 1621 4816 Γ.
1649 4759 1745 4804 100
1778 4757 1824 4804 et
1858 4751 1901 4816 Γ.
1929 4759 2042 4806 254.
2094 4751 2179 4805 K⁸
2213 4752 2256 4817 Γ.
2286 4759 2397 4806 108.
2436 4784 2500 4791 -
2538 4753 2677 4808 Edd.
2724 4754 2866 4809 Gatt.
2906 4754 3105 4810 Nachr.
3134 4762 3267 4809 1900
3294 4770 3348 4823 p.
3380 4761 3476 4809 146
3508 4772 3563 4808 n.
3587 4764 3640 4811 5.

751 4835 1106 4904 Schiaparelli
1140 4855 1196 4892 n.
1223 4847 1298 4893 21.
1338 4868 1401 4878 —
1442 4838 1597 4907 Reyy.
1636 4839 1721 4894 M.
1760 4838 1950 4906 Veyius
1992 4837 2076 4892 hb.
2113 4838 2206 4892 IV
2247 4839 2605 4905 (Benedictus
2640 4843 2830 4895 autem
2869 4841 2917 4894 X
2954 4841 3014 4895 in
3050 4842 3291 4911 quodam
3332 4841 3641 4912 privilegio

749 4923 1052 4993 Catagalla
1088 4925 1333 4993 patricia
1369 4926 1649 4995 appellat)
1689 4948 1754 4970 =
1790 4926 2061 4978 Severano
2096 4943 2155 4994 p.
2194 4934 2261 4979 86
2296 4950 2360 4972 ---
2413 4927 2726 4980 Cancelliem?
2764 4928 2870 4981 ΙΙΙ
2897 4937 3047 4984 1535,
3085 4928 3190 4983 JL.
3232 4959 3313 4984 —.

1129 5037 1199 5091 cf.
1227 5037 1380 5092 aliud
1421 5038 1709 5092 Benedicti
1737 5038 1786 5092 X
1813 5039 2178 5110 privilegium
2205 5058 2305 5110 pro
2331 5040 2721 5094 mansionariis
2746 5042 2971 5096 scholae
3009 5041 3367 5097 consessionis
3404 5041 3455 5095 b.
3485 5041 3640 5098 Petri

952 5123 1120 5194 (Eccl.
1159 5143 1199 5178 s,
1228 5124 1380 5179 Petri
1418 5125 1476 5178 in
1501 5125 1776 5180 Vaticano
1813 5145 1865 5181 n.
1892 5129 1996 5195 24).
