4065 6049
857 455 907 510 X
1928 453 2187 510 RERVM
2221 452 2470 510 INDEX.

1262 680 1796 749 [MONASTERIA
1834 682 1946 733 ΕΤ
1969 681 2472 734 ΧΕΝΟΒΟΟΗΙΔ
2510 681 2834 734 ΙΝΟΕΒΤΙ
2862 679 3138 748 SITVSJ
3433 637 3534 681 με·

854 782 1257 839 Monasterium
1291 782 1365 837 ad
1402 782 1559 837 Luna.
1630 822 3105 840 ..................
3157 778 3190 836 ’.
3264 823 3276 834 .
3351 823 3364 835 .
3438 782 3538 836 155

855 870 1255 927 Monasterinm
1289 868 1564 925 Bonifatii
1624 908 3363 926 .....................
3438 869 3538 923 155

854 958 1254 1015 Monasterium
1290 955 1623 1013 Boetianum
1713 996 3363 1016 ....................
3439 956 3537 1011 155

855 1044 1219 1101 xenodochia.
1281 1085 2502 1100 ...............
2546 1032 2553 1040 ’
2576 1081 3365 1100 ..........
3440 1043 3538 1098 155

854 1134 1276 1191 Xenodochium
1313 1133 1635 1189 Aniciorum
1714 1168 3365 1187 ....................
3438 1130 3540 1184 156

1315 1254 1771 1325 [EC'OLESIAE
1798 1255 1911 1308 ΕΤ
1939 1254 2447 1308 MONASTERIA
2483 1253 2591 1307 EX
2599 1254 2741 1308 TRA
2778 1255 2841 1306 Μ
2853 1253 3085 1322 VROSJ

854 1361 1107 1418 Ecclesia.
1138 1380 1181 1417 s.
1208 1358 1497 1417 Valentini
1534 1357 1695 1414 iuxta
1729 1362 1958 1429 pontem
1996 1356 2257 1413 Milvium
2295 1357 2357 1412 in
2381 1355 2492 1412 via
2528 1356 2811 1412 Flaminia
2916 1396 3359 1412 ......
3436 1355 3535 1410 157

854 1447 1107 1503 Ecclesia.
1139 1466 1181 1502 s.
1208 1445 1397 1502 Leucii
1436 1445 1494 1499 in
1516 1444 1627 1500 via
1662 1442 1943 1499 Flaminia
2056 1482 3360 1498 ................
3435 1443 3535 1497 157

854 1533 1260 1590 Coemeterium
1295 1552 1337 1588 s.
1364 1531 1687 1588 Nicomedis
1722 1530 1781 1585 in
1807 1530 1915 1586 via
1950 1531 2306 1586 Nomentana.
2399 1570 3362 1585 ............
3436 1529 3537 1583 158

852 1619 1252 1677 Monasterium
1288 1639 1357 1675 ss.
1383 1616 1620 1691 Agnetis
1655 1621 1715 1673 et
1750 1615 2116 1673 Constantine
2153 1616 2210 1672 in
2231 1616 2339 1672 Via
2375 1617 2737 1673 Nomentana
2833 1657 3365 1672 .......
3440 1616 3540 1670 158

852 1706 1166 1763 Ecclesia.
1199 1726 1241 1761 s.
1272 1703 1642 1761 Laurentii
1677 1703 1746 1758 in
1771 1702 1894 1758 Via
1928 1703 2310 1759 Tiburtina
2404 1744 3364 1758 ............
3440 1702 3541 1756 160

853 1793 1254 1850 Monasterium
1290 1812 1359 1849 ss.
1384 1789 1658 1863 Stephani
1696 1794 1754 1847 et
1791 1789 2044 1847 Cassiani
2081 1790 2140 1845 in
2164 1790 2275 1846 Via
2311 1790 2614 1847 Tiburtina.
2663 1828 3366 1845 .........
3440 1788 3538 1842 161

853 1879 1253 1935 Monasterinm
1288 1899 1330 1935 s.
1355 1878 1641 1949 Eugeniae
1676 1877 1734 1932 in
1761 1876 1870 1933 Via
1907 1877 2112 1933 Latina.
2237 1916 3365 1933 ..............
3440 1875 3537 1929 161

854 1966 1106 2022 Ecclesia
1140 1985 1182 2022 s.
1208 1964 1528 2021 Sebastiani
1564 1964 1639 2020 sd
1675 1964 2050 2021 Catacumbas
2085 1964 2146 2019 in
2184 1962 2293 2019 Vis.
2328 1962 2518 2033 Appia.
2578 2003 3364 2018 ..........
3440 1963 3540 2017 162

854 2053 1108 2109 Ecclesia.
1141 2052 1538 2123 Apostolorum
1573 2050 1634 2106 in
1669 2049 1779 2107 Via
1815 2049 2061 2107 Ostiensi
2145 2090 3364 2106 ...............
3439 2050 3538 2105 164

852 2138 1178 2195 Ecclesia.
1222 2158 1263 2195 s.
1306 2137 1502 2194 Pauli
1551 2142 1757 2195 extra
1804 2155 2029 2193 muros
2076 2136 2144 2192 in
2195 2137 2317 2192 via
2365 2135 2676 2192 Ostiensi
2748 2174 3365 2191 ........
3439 2135 3540 2190 164

853 2225 1254 2281 Monasterium
1288 2244 1331 2281 s.
1364 2224 1609 2281 Caesarii
1645 2226 1704 2280 et
1737 2243 1779 2279 3.
1807 2224 2085 2294 Stephani
2122 2224 2276 2294 apud
2312 2223 2364 2278 b.
2392 2222 2634 2277 Paulum
2751 2262 3365 2278 ........
3441 2222 3541 2277 170

856 2311 1254 2368 Mona-sterium
1293 2332 1362 2368 33.
1389 2309 1677 2367 vincentii
1714 2314 1774 2366 et
1808 2310 2095 2366 Anastasii
2133 2310 2208 2366 ad
2242 2309 2435 2380 Aquas
2471 2308 2688 2364 Salvias
2750 2351 3365 2365 ........
3441 2312 3542 2366 170

856 2398 1109 2454 Ecclesia.
1142 2418 1184 2454 s.
1211 2397 1364 2455 Petri
1400 2398 1457 2452 in
1496 2398 1708 2468 Campo
1744 2397 1946 2453 Mei-uli
1983 2398 2044 2452 in
2079 2396 2188 2453 Via
2225 2396 2518 2454 Portuensi
2573 2437 3364 2452 ..........
3439 2399 3540 2453 176

856 2485 1109 2540 Ecclesia.
1142 2504 1184 2540 s.
1209 2484 1494 2540 Pancratii
1530 2487 1590 2540 et
1626 2502 1773 2540 mon.
1810 2503 1853 2540 s.
1880 2483 2125 2539 Victoris
2161 2482 2219 2538 in
2255 2482 2367 2538 Via
2401 2481 2631 2539 Aurelia
2749 2524 3364 2539 ........
3439 2486 3539 2541 176

856 2570 1107 2628 Ecclesia
1141 2591 1184 2628 3.
1209 2571 1412 2628 Felicis
1447 2571 1508 2627 in
1545 2571 1655 2626 Vis.
1689 2570 1920 2628 Aurelia
1969 2609 3365 2627 .................
3439 2571 3539 2626 178

1916 2744 2146 2812 VRBS
2199 2744 2457 2811 ROMA

855 2868 1093 2921 Senatus
1128 2865 1479 2936 populusque
1518 2866 1800 2921 Romanus
1882 2904 3361 2921 ..................
3437 2864 3538 2919 178

856 2951 1072 3007 Civitas
1110 2948 1357 3007 Leonina
1455 2991 1468 3004 .
1540 2995 1553 3007 .
1626 2994 1639 3008 .
1713 2967 1726 2981 ·
1798 2990 3365 3007 ...................
3439 2949 3539 3005 183

863 3037 1262 3109 Iohannopolis
1364 3078 3367 3095 ........................
3442 3037 3543 3093 184

859 3126 1065 3182 Schola
1100 3125 1441 3196 piscatorum
1477 3127 1669 3198 stagni
1719 3164 3369 3181 ....................
3444 3125 3543 3179 184

1575 3246 1704 3316 [ΡΑ
1718 3248 2034 3301 ΤΒΙΟΙΑΕ
2066 3248 2370 3301 GENTES
2416 3247 2816 3316 VRBANAEJ

855 3351 1005 3405 Gens
1041 3349 1363 3406 Crescentis
1397 3349 1733 3420 (stephanis
1767 3348 2036 3418 senatrix)
2141 3389 3362 3404 ...............
3440 3348 3539 3404 185

855 3435 1078 3491 Nobilis
1111 3436 1342 3507 quidam
1378 3436 1659 3492 Romanus
1694 3435 1922 3508 ignotus
1971 3475 3362 3491 .................
3440 3435 3540 3490 186

856 3523 1106 3579 Comites
1142 3523 1211 3579 de
1248 3523 1567 3579 Tusculano
1603 3523 1899 3592 (Colonna.)
1972 3562 3361 3578 .................
3442 3523 3541 3577 186

854 3609 1001 3666 Gens
1039 3608 1314 3665 Tebaldia
1366 3648 3362 3665 ........................
3439 3609 3539 3663 188

854 3696 1001 3752 Gens
1037 3696 1190 3751 Petri
1228 3696 1426 3752 Leonis
1462 3696 1784 3763 (l'ierlconi)
1881 3735 3365 3751 ..................
3441 3695 3539 3750 189

855 3783 1001 3839 Gens
1038 3782 1191 3839 Petri
1231 3781 1485 3839 Latronis
1540 3821 3366 3838 ......................
3440 3782 3541 3837 190

854 3869 1003 3925 Gens
1037 3869 1358 3940 Fruiapana
1392 3868 1777 3940 (Frangipani)
1884 3908 3363 3924 ..................
3439 3869 3533 3924 191

855 3958 1003 4010 Gens
1038 3954 1193 4012 Petri
1230 3955 1504 4026 praefecti
1540 3955 1707 4012 Urbis
1796 3994 3364 4011 ...................
3439 3955 3538 4009 194

856 4041 1090 4097 Nobiles
1125 4043 1195 4099 de
1229 4063 1271 4097 s.
1297 4043 1602 4099 Eustachio
1712 4081 3364 4097 ....................
3439 4040 3538 4096 195

854 4128 1005 4185 Gens
1040 4129 1405 4185 Malabranca
1459 4166 3366 4185 .......................
3440 4127 3540 4181 195

1733 4251 2046 4305 ΒΟΜΑΝΙ
2077 4251 2158 4304 01
2164 4250 2298 4304 VES
2331 4251 2512 4304 SING
2527 4251 2661 4302 VLI
2749 4288 3364 4304 ........
3437 4247 3539 4304 196
