4065 6049
1175 576 1324 632 Gens
1361 576 1638 634 Tebaldia
1672 608 1739 617 —
1775 576 1922 634 Gens
1959 577 2113 634 Petri
2150 576 2365 634 Leonis.
3105 581 3224 644 189

338 775 395 816 a.
437 756 599 818 1130
645 752 792 817 mai.
843 755 918 815 18
974 774 1089 837 pro
1136 754 1454 819 Anacleto
1502 754 1570 818 H
1623 754 1707 819 ad
1750 753 2129 818 Lotharium
2184 774 2406 838 regem
2453 754 2840 837 scripserunt
2883 752 3226 838 (Batonius

337 856 504 920 Ann.
554 857 637 922 ad
669 879 727 920 a.
766 861 788 921 1
817 860 929 921 130
964 878 1016 920 6.
1051 858 1186 942 24),
1231 866 1297 923 61
1329 861 1494 923 inter
1524 865 1721 922 testes
1767 859 1830 921 in
1862 859 2282 921 instrumento
2314 858 2648 921 locationis
2693 856 2775 921 de
2804 856 3224 921 Radecofano

338 981 396 1022 a.
425 963 585 1026 1153
621 962 770 1025 mai.
805 963 887 1025 29
919 961 1090 1045 apud
1129 963 1436 1027 Cencium
1469 985 1521 1027 6.
1558 967 1626 1026 91
1672 962 2008 1046 (Muratori
2041 961 2261 1046 Antiq.
2296 961 2400 1024 III
2435 965 2589 1037 793;
2637 960 3227 1025 Fabre-Duchesne

338 1063 370 1126 I
405 1062 577 1147 380),
627 1064 904 1150 (lenique
950 1067 1014 1130 in
1064 1069 1223 1131 actis
1270 1067 1351 1132 de
1382 1067 1664 1132 Victoris
1711 1066 1805 1131 IV
1852 1067 2168 1130 electione
2218 1063 2417 1149 (Mon.
2452 1064 2671 1130 Germ.
2705 1065 2974 1130 Constit.
3015 1063 3049 1127 Ι
3081 1068 3226 1131 263.

338 1168 513 1253 267).
593 1168 688 1233 Cf.
724 1172 921 1234 etiam
967 1169 1044 1235 B.
1073 1170 1760 1257 Capogrossi-Guarna
1790 1169 2044 1235 Notizie
2092 1170 2369 1234 storiche
2416 1169 2590 1233 della
2637 1170 2924 1255 famiglia
2957 1168 3227 1233 Tebaldi

338 1270 577 1355 (Roma
630 1273 842 1358 1890).

553 1445 986 1532 Documenta,
1050 1470 1216 1534 quae
1279 1448 1363 1513 ad
1417 1449 1581 1512 hanc
1627 1447 2090 1512 nobilissimam
2135 1454 2397 1533 gentem
2443 1454 2771 1532 spectant,
2827 1468 2910 1512 ex
2969 1447 3227 1512 archivo

340 1572 388 1613 s.
425 1549 612 1615 Pauli
661 1551 742 1616 de
789 1551 966 1618 Urbe
1013 1555 1417 1639 sumpsimus.

343 1705 378 1767 1
2654 1709 3144 1792 (1099—1118)

338 1809 511 1875 Ante
557 1814 988 1895 praesentiam
1035 1813 1238 1877 Pasc
1257 1813 1459 1877 halis
1504 1814 1573 1877 II
1619 1813 1892 1879 Oeneius
1937 1820 2005 1879 et
2050 1813 2414 1898 Stephanus
2458 1814 2571 1878 filii
2604 1812 2962 1877 Theobaldi
3009 1813 3231 1877 Cencii

340 1914 423 1979 de
470 1915 797 2000 Stephano
845 1917 1121 1982 reddunt
1166 1919 1228 1981 in
1287 1939 1544 1982 manum
1604 1918 1939 1982 Paschalis
1983 1940 2091 2003 pp.
2147 1917 2207 1981 b.
2248 1918 2456 1983 Paulo
2510 1919 2724 1982 omnia
2779 1918 2890 1981 illa
2943 1918 3229 2001 castella,

341 2041 507 2103 quae
564 2019 978 2085 Theobaldus
1032 2043 1150 2106 per
1206 2024 1335 2085 vim
1394 2024 1453 2086 ei
1509 2022 1897 2106 abstulerat,
1967 2024 2214 2086 scilicet
2273 2022 2605 2086 castellum
2669 2044 2728 2106 q.
2791 2044 2848 2085 v.
2891 2021 3229 2085 Flaianum

341 2123 634 2206 (Fiam),
703 2131 980 2189 castrum
1029 2148 1090 2211 q.
1133 2148 1191 2191 v.
1232 2127 1645 2191 Baccariciae
1690 2136 1722 2208 (
1744 2126 2195 2209 [necaret-cia),
2253 2132 2530 2190 castrum
2578 2147 2640 2210 q.
2682 2146 2739 2189 v.
2785 2126 3230 2209 Liprinianum

340 2228 837 2311 (Lepriynano),
896 2229 1120 2294 ambas
1175 2230 1578 2315 civitaculas,
1648 2231 1891 2295 scilicet
1952 2232 2279 2295 civitatem
2333 2230 2415 2295 de
2468 2230 2731 2295 Colonis
2786 2236 2851 2294 et
2905 2230 3229 2293 civitatem

342 2329 817 2416 Strictilianam,
866 2335 928 2397 in
975 2336 1296 2398 territorio
1344 2334 1716 2400 Collinensi.

717 2462 769 2499 v,
809 2444 957 2499 Eccl.
995 2462 1037 2500 6.
1064 2444 1227 2500 Pauli
1265 2450 1426 2501 extra
1463 2464 1645 2501 muros
1680 2465 1733 2501 n.
1759 2446 1843 2502 17.

338 2566 384 2626 2
2689 2570 2932 2632 1099—
2949 2572 3116 2632 1118

342 2670 704 2757 Praecepto
751 2673 1167 2739 Paschalis
1211 2673 1313 2757 ΙΙ,
1380 2694 1458 2737 60
1526 2675 1589 2737 in
1657 2676 1831 2739 curia
1899 2675 2321 2739 Lateranensi
2377 2570 2717 2759 praesenge
2779 2680 2845 2739 61
2905 2571 3265 2753 laudagte„

341 2776 721 2840 Anastasius
749 2777 959 2861 presb.
1008 2784 1075 2842 et
1105 2777 1457 2842 monachus
1501 2784 1568 2842 61
1598 2779 1772 2862 prior
1800 2800 1970 2843 mon.
2003 2801 2052 2842 s.
2086 2778 2273 2843 Pauli
2318 2779 2491 2843 locat
2520 2778 2758 2843 Cencio
2806 2784 2872 2842 61
2902 2777 3232 2862 Stephano

342 2879 488 2942 filiis
533 2881 892 2946 Theobaldi
937 2882 1157 2948 Cencii
1204 2883 1435 2947 eadem
1481 2890 1691 2948 castra
1736 2884 1830 2966 (n.
1865 2885 1953 2966 1).

722 3010 772 3049 v.
810 2993 957 3050 Eccl.
995 3012 1037 3049 s.
1065 2993 1228 3049 Pauli
1266 2996 1426 3050 extra
1460 3010 1644 3049 muros
1679 3012 1732 3050 n.
1760 2993 1843 3050 18.

341 3119 386 3177 3
915 3161 918 3164 -
2241 3116 2564 3182 Laterano
2607 3115 2810 3198 (1139
2853 3114 3042 3196 april.
3073 3118 3147 3192 3)

343 3220 766 3287 Praesidente
812 3222 1281 3287 Innocentio
1328 3222 1397 3286 Π
1442 3223 1506 3286 in
1538 3222 1807 3286 concilio
1838 3222 2285 3304 Lateranensi,
2330 3221 2469 3285 Azo
2517 3219 2717 3284 abbas
2763 3241 2930 3285 mon.
2962 3243 3009 3283 s.
3044 3221 3232 3285 Pauli

346 3326 812 3409 querimoniam
869 3327 1025 3391 facit
1086 3334 1307 3391 contra
1364 3325 1762 3411 Stephanum
1820 3325 2180 3390 Theobaldi
2246 3331 2310 3390 et
2354 3324 2801 3390 Theobaldum
2856 3332 2925 3389 et
2967 3325 3232 3389 Petrum

345 3436 614 3512 nepotes
659 3433 796 3495 eius
843 3431 925 3495 de
971 3436 1181 3495 castro
1227 3432 1573 3495 Baccarice
1620 3437 1687 3494 et
1733 3430 1813 3495 de
1860 3430 2145 3495 Castello
2193 3452 2359 3494 novo
2405 3429 2674 3515 aliisque
2721 3430 2964 3492 castris.

728 3558 776 3594 v.
814 3541 962 3596 Eecl.
999 3562 1040 3595 s.
1068 3541 1230 3595 Pauli
1266 3545 1425 3596 extra
1461 3559 1646 3596 muros
1684 3560 1735 3596 n.
1758 3542 1844 3596 20.

1416 3861 1604 3930 Gens
1648 3860 1856 3928 Petri
1899 3860 2183 3930 Leonis.

1619 3983 1958 4051 (Pierleoni.)

565 4128 665 4193 De
698 4128 818 4193 hac
850 4126 1269 4192 celeberrima
1301 4125 1565 4208 familia,
1614 4146 1781 4210 quae
1827 4145 1910 4188 ex
1939 4122 2328 4188 Iudaeorum
2372 4127 2567 4208 gente
2609 4127 2778 4205 orta,
2824 4141 2992 4185 saec.
3024 4119 3124 4184 XI
3169 4128 3237 4185 et

349 4232 483 4297 XII
515 4235 680 4299 inter
710 4233 1057 4300 nobiliores
1087 4233 1280 4299 Urbis
1313 4232 1539 4297 domos
1571 4232 1752 4317 quasi
1783 4230 2212 4315 principatum
2246 4228 2538 4313 obtinuit,
2586 4228 2667 4293 cf.
2699 4228 2925 4294 Franc.
2959 4230 3236 4293 Zazzera

350 4337 542 4402 Delia
588 4338 830 4403 nobilta
877 4339 1025 4403 ‹lell'
1073 4339 1264 4404 Italia
1308 4361 1370 4423 p.
1403 4336 1472 4401 ΙΙ
1518 4335 1624 4422 (In
1668 4335 1909 4401 Milano
1963 4333 2154 4420 1621)
2202 4339 2268 4398 61
2311 4332 2387 4397 P.
2419 4332 2663 4399 Fedele
2707 4334 2803 4397 Le
2835 4333 3124 4419 famiglie
3170 4332 3235 4396 di

351 4443 668 4507 Anacleto
715 4442 783 4506 II
828 4465 864 4508 e
910 4443 975 4507 di
1021 4442 1283 4509 Gelasio
1328 4442 1396 4507 11
1443 4444 1508 4505 in
1549 4440 1745 4506 Arch.
1793 4439 1966 4504 della
2010 4437 2155 4502 Soc.
2186 4437 2376 4503 Rom.
2408 4436 2672 4502 XXVII
2717 4436 2944 4524 (1904)
2991 4440 3114 4502 399
3139 4457 3234 4520 sq.

566 4618 970 4683 Documenta
1038 4617 1225 4682 huius
1286 4616 1528 4701 gentis,
1596 4613 1851 4700 quando
1926 4618 2039 4678 aut
2105 4612 2395 4696 dispersa
2451 4609 2688 4674 fuerint
2745 4617 2857 4675 aut
2908 4610 3234 4695 perierint,

353 4723 689 4788 nescimus.
777 4723 993 4787 Unum
1037 4720 1305 4806 Rogerii
1351 4719 1637 4805 diploma
1682 4737 2107 4803 purpureum,
2153 4737 2211 4780 6.
2251 4720 2413 4781 1134
2460 4714 2731 4778 Iohanni
2777 4714 2956 4778 Petri
3000 4714 3238 4778 Leonis

353 4830 618 4912 eiusque
649 4828 796 4891 filiis
827 4832 894 4892 et
922 4825 1264 4910 nepotibus
1295 4844 1689 4905 concessum,
1729 4824 1896 4886 inter
1939 4821 2196 4885 chartas
2238 4819 2734 4884 Barberinianas
2778 4839 2982 4902 nuper
3026 4817 3238 4880 inveni

353 4933 483 5016 (ed.
531 4931 726 4996 Arch.
775 4930 947 4995 della
992 4930 1135 4995 Soc.
1182 4929 1370 4995 Rom.
1411 4927 1638 4993 XXIV
1685 4925 1912 5012 (1901)
1959 4929 2085 4990 253
2111 4923 2255 5010 sq.).

567 5036 672 5101 Ad
717 5036 880 5099 hanc
925 5041 1186 5118 gentem
1232 5039 1526 5118 spectare
1567 5031 1818 5096 videtur
1862 5031 2109 5112 notitia,
2157 5049 2322 5113 quae
2368 5028 2685 5092 invenitur
2729 5025 2899 5111 apud
2930 5023 3236 5089 Albinum

354 5149 422 5206 et
466 5141 770 5207 Oeneium
819 5138 950 5223 (ed.
996 5137 1607 5202 Fabre-Duchesne
1652 5135 1686 5198 I
1735 5140 1804 5209 73
1851 5134 1919 5198 II
1975 5133 2154 5220 109):

574 5243 719 5330 „Illi
765 5245 874 5329 qui
920 5248 1140 5308 tenent
1171 5241 1595 5329 [Quicumque
1634 5238 1962 5324 tenebant]
2008 5238 2230 5302 turrim
2279 5235 2476 5322 [quae
2508 5232 2629 5322 est]
2675 5236 2739 5298 in
2785 5234 2996 5318 capite
3026 5232 3237 5318 pontis

354 5350 761 5434 Iudaeorum,
807 5347 947 5412 IIII
991 5347 1288 5412 denarios
1317 5346 1672 5431 Papienses
1719 5341 2091 5432 [secundum
2125 5342 2572 5426 antiquitatem
2614 5339 2646 5402 I
2678 5335 3232 5425 marabotinum].“
