4065 6049
1118 446 1266 501 Gens
1301 447 1452 503 Petri
1491 447 1762 518 praefecti
1800 446 1966 502 Urbis
2003 481 2069 489 —
2106 447 2252 503 Gens
2286 448 2665 504 Malabranca.
3219 456 3336 518 195

666 623 890 677 Oeneius
926 621 1047 676 Lib.
1084 637 1223 678 cents.
1261 620 1314 675 S.
1337 621 1405 675 R.
1428 620 1500 675 Ε.
1537 636 1580 674 c.
1611 628 1720 676 167.
1757 652 1824 663 —
1861 619 2004 675 Echi.
2032 621 2281 675 Zazzera.
2341 623 2623 677 Muraton‘
2648 624 2834 692 Antiq.
2863 623 2954 677 IV
2980 631 3057 679 31.
3120 625 3341 678 Theiner

460 711 579 765 Cod.
616 710 746 778 dipl.
786 708 921 764 (lona.
956 714 1105 776 temp.
1138 708 1178 761 Ι
1203 715 1264 762 18
1297 725 1351 761 n.
1377 715 1453 763 25.
1512 706 2020 762 Fuere-Ducum
2058 708 2094 761 1
2128 715 2243 763 425.
2294 736 2359 747 —·
2410 708 2567 779 Rem.
2612 710 2807 764 Gali-sse
2840 712 2874 764 l.
2911 727 2955 765 c.
2985 728 3042 779 p.
3078 718 3179 765 427
3210 728 3263 764 n.
3291 718 3337 766 2.

455 798 563 852 JL.
600 804 821 852 1042301.

837 893 906 946 cf.
943 890 1114 945 etiam
1151 888 1522 944 instrumenta
1557 889 1913 945 refutationis
1949 907 1998 943 a.
2029 890 2162 945 1195
2199 908 2287 961 ap.
2317 890 2578 947 Cencium
2616 911 2662 947 c.
2694 892 2964 949 178-183
3000 894 3108 959 (ed.
3136 894 3336 950 Fabre-

665 980 954 1036 Duchesnc
993 979 1014 1032 1
1050 978 1328 1045 430—39)‚
1367 976 1425 1031 in
1461 977 1664 1046 quibus
1702 975 1973 1032 Hadriani
2011 977 2091 1031 IV
2129 976 2490 1049 privilegium
2527 979 2595 1034 de
2631 998 2690 1036 re
2726 980 3006 1037 laudatur.

457 1145 501 1206 2
2453 1137 2672 1202 Narni
2714 1138 2944 1222 (1158)
2988 1161 3135 1222 augy.
3166 1142 3253 1204 29

455 1245 910 1311 Hadrianus
954 1243 1050 1309 IV
1095 1242 1292 1307 Petro
1339 1241 1532 1306 Urbis
1576 1243 1940 1325 praefecte,
1995 1240 2267 1306 Iohanni
2330 1250 2397 1307 et
2453 1242 2807 1307 Octaviano
2856 1244 3157 1309 fratribus
3202 1245 3339 1309 eius

456 1353 754 1436 aliisque:
825 1356 1046 1413 notum
1102 1347 1282 1429 facit,
1342 1367 1410 1410 se
1457 1344 1538 1410 ab
1584 1346 1738 1430 ipsis
1785 1351 1866 1411 30
1899 1368 2149 1410 marcas
2195 1368 2329 1431 arg.
2376 1346 2459 1410 ad
2505 1346 2754 1431 pondus
2812 1348 3176 1413 Romanum
3222 1370 3336 1432 pro

457 1453 942 1520 necessitatibus
1009 1450 1340 1515 Ecclesiae
1408 1457 1629 1514 mutuo
1697 1451 2051 1534 recepisse;
2116 1472 2231 1533 pro
2301 1450 2530 1535 quibus
2598 1452 2655 1516 ei
2724 1452 2971 1537 obligat
3036 1452 3338 1537 quiequid

456 1559 654 1624 habet
682 1559 745 1622 in
777 1564 985 1621 castro
1019 1555 1099 1619 de
1131 1555 1490 1619 Casamala.
1517 1592 1600 1600 —
1632 1554 2089 1619 Praesentibus
2119 1555 2389 1639 scriptis.
2446 1554 2593 1619 Dat.
2627 1555 2907 1621 Narniae
2941 1561 2978 1619 4
3011 1556 3138 1620 kal.
3172 1564 3334 1640 sept.

666 1668 892 1723 Oeneius
935 1666 1058 1721 Lib.
1092 1682 1229 1720 cens.
1266 1665 1318 1719 S.
1356 1665 1424 1719 R.
1458 1664 1526 1718 Ε.
1564 1681 1608 1719 c.
1644 1672 1756 1720 168.
1796 1695 1860 1703 -
1910 1664 2055 1721 Edd.
2095 1665 2376 1719 Muraton'
2418 1666 2605 1735 Antiq.
2645 1666 2743 1720 IV
2769 1675 2847 1722 33.
2942 1667 3173 1721 Theium·
3210 1666 3334 1721 cod.

435 1758 587 1824 dipl.
612 1756 749 1810 dom.
776 1761 926 1824 temp.
950 1754 990 1807 Ι
1010 1762 1072 1807 19
1095 1770 1150 1809 π.
1174 1759 1252 1807 25.
1307 1750 1792 1806 Fuere-Dumana
1816 1752 1852 1805 1
1871 1759 1984 1807 426.
2015 1782 2075 1791 —
2107 1751 2268 1821 Bw.
2297 1751 2493 1807 calesso
2516 1753 2549 1808 1.
2572 1769 2615 1807 c.
2630 1770 2689 1822 p.
2716 1762 2816 1808 427
2834 1772 2888 1808 n.
2916 1762 2955 1807 1.
2997 1753 3104 1807 JL.
3130 1759 3337 1809 10334α

453 1842 526 1896 ad
561 1849 832 1898 1156—58.

1409 2046 1695 2114 Nobiles
1741 2046 1827 2113 de
1872 2062 1929 2112 s.
1962 2046 2371 2115 Eustachiu-

672 2208 884 2271 Huius
938 2208 1220 2272 familiae
1275 2206 1464 2272 valde
1512 2206 1814 2291 antiquae
1863 2211 1930 2269 et
1975 2205 2445 2287 nobilissimae,
2501 2228 2668 2291 quae
2738 2227 2970 2271 nomen
3027 2207 3212 2272 duxit
3256 2207 3337 2272 ab

455 2314 729 2377 ecclesia
794 2334 843 2374 s.
899 2310 1228 2376 Eustachii
1296 2312 1477 2375 iuxta
1543 2310 1854 2394 templum
1922 2309 2289 2394 Agrippae,
2358 2311 2475 2373 viri
2552 2312 2809 2395 saepius
2873 2318 3211 2375 occurrunt
3273 2313 3361 2374 in*

454 2417 853 2481 documentis
888 2415 1196 2480 Romanis
1232 2436 1400 2482 saec.
1432 2414 1566 2478 XII
1600 2413 1707 2499 (cf.
1740 2414 1968 2478 Franc.
2003 2414 2278 2479 Zazzera
2322 2413 2424 2479 De
2470 2415 2533 2478 la
2569 2415 2859 2500 famiglia
2890 2415 2952 2479 S.
2990 2414 3336 2479 Eustachio

454 2523 518 2585 in
563 2520 756 2585 Della
812 2519 1057 2583 nobilta
1117 2518 1265 2584 dell'
1325 2519 1516 2583 Italia
1570 2541 1631 2602 p.
1672 2518 1789 2603 ΙΙ).
1882 2519 2170 2593 Quorum
2227 2526 2293 2583 et
2357 2518 2761 2583 nobilitatem
2829 2528 2897 2585 et
2958 2518 3337 2585 fidelitatem

456 2648 613 2711 erga
656 2625 1014 2689 Ecclesiam
1062 2623 1198 2708 ipse
1244 2623 1619 2687 Alexander
1662 2622 1768 2685 ΠΙ
1813 2623 2233 2688 vehementer
2275 2623 2499 2688 laudat
2545 2622 2633 2708 (n.
2673 2622 2755 2707 1).

667 2799 881 2863 Unum
927 2798 1283 2863 Alexandri
1316 2797 1419 2861 111
1465 2798 1844 2882 rescriptum
1891 2799 1956 2861 in
1999 2798 2319 2882 pontificis
2364 2798 2551 2862 huius
2583 2800 2853 2882 regestis
2900 2820 3065 2884 quae
3113 2819 3336 2883 super-

453 2909 599 2966 sunt
641 2902 933 2967 refertur.

455 3043 495 3102 1
3056 3043 3225 3103 1178

451 3145 912 3211 Alexander
956 3108 1058 3209 ΙΙΙ
1103 3143 1525 3229 (Christiano)
1571 3143 1949 3229 Maguntino
1995 3144 2307 3229 archiep:
2365 3143 2655 3224 mandat,
2719 3051 3050 3229 quatenus(
3085 3044 3338 3208 cuid)am

454 3250 534 3315 de
580 3250 825 3314 familia
870 3249 1177 3314 nobilium
1226 3250 1306 3316 de
1351 3271 1398 3313 s.
1431 3248 1809 3330 EustachiO,
1856 3247 1937 3312 ab
1984 3250 2121 3312 eius
2167 3247 2528 3312 hominibus
2574 3247 2908 3312 inhoneste
2955 3254 3227 3312 tractato
3274 3255 3340 3312 et

453 3355 759 3438 spoliate,
813 3355 1031 3419 ablata
1077 3355 1272 3418 faciat
1316 3353 1561 3418 restitui
1631 3357 1699 3416 et
1763 3352 1963 3436 illum,
2025 3353 2133 3437 qui
2204 3352 2360 3417 talia
2425 3353 2848 3436 perpetravit,
2917 3352 3206 3435 castiget.
3258 3389 3335 3399 —

452 3493 534 3503 -
580 3457 1077 3523 Fraternitatem
1126 3464 1319 3521 tuam.

662 3567 796 3633 Περ.
823 3566 1125 3621 Alexandri
1150 3566 1264 3620 III
1291 3583 1367 3634 ep.
1395 3575 1465 3621 48
1500 3566 1585 3630 (in
1617 3564 1727 3619 cod.
1752 3566 1870 3622 coll.
1901 3565 2096 3621 Trinit.
2137 3566 2447 3636 Cantabriq.
2481 3567 2562 3633 (R
2588 3575 2633 3622 9.
2660 3569 2742 3635 17)
2777 3583 2817 3619 8.
2846 3565 2985 3619 XII
3011 3566 3055 3631 f.
3083 3567 3234 3633 123').
3274 3595 3337 3605 -

453 3652 560 3706 Ed.
599 3653 939 3718 Loewcnseld
973 3653 1116 3722 Epp.
1142 3671 1200 3722 p.
1228 3662 1321 3709 161
1357 3672 1412 3709 n.
1441 3660 1560 3708 282.
1599 3685 1666 3695 —
1705 3654 1834 3723 Rey.
1861 3653 1962 3708 JL.
2003 3661 2181 3709 13104.

1539 3956 1725 4024 Gens
1772 3955 2248 4024 malabranca.

668 4098 956 4162 Primum
1023 4097 1210 4160 huius
1275 4096 1549 4161 nominis
1614 4098 1818 4160 virum
1885 4096 2242 4161 invenimus
2301 4095 2466 4159 inter
2521 4101 2720 4158 testes
2776 4096 3336 4160 instrumentorum

453 4225 509 4268 a.
550 4207 712 4267 1158
772 4202 879 4265 iul.
923 4207 993 4266 17
1060 4211 1128 4266 et
1192 4225 1248 4266 a.
1291 4205 1451 4266 1159
1507 4201 1690 4286 april.
1724 4206 1759 4264 7
1817 4199 1989 4286 apud
2054 4201 2360 4266 Oeneium
2426 4198 2764 4283 (Muratori
2822 4201 3040 4285 Antiq.
3090 4201 3186 4266 IV
3234 4207 3334 4266 31.

451 4306 557 4370 ΙΙΙ
607 4310 724 4371 797
741 4331 756 4382 ;
812 4305 1419 4371 Fabre-Duchesne
1476 4306 1508 4369 I
1554 4308 1699 4369 425.
1758 4304 1913 4390 396)
1970 4310 2037 4369 et
2089 4303 2207 4368 sub
2253 4301 2628 4367 Alexandro
2675 4302 2807 4384 III,
2855 4305 2960 4387 qui
3007 4304 3091 4368 ad
3138 4307 3336 4390 ipsius

452 4410 905 4475 Malabrancae
971 4410 1138 4474 filios
1189 4409 1576 4493 Corradum,
1647 4407 2029 4494 Gregorium
2103 4415 2169 4472 et
2235 4407 2501 4471 Petrum
2577 4407 2748 4470 cives
2812 4406 3142 4474 Romanos
3210 4409 3335 4472 duo

452 4516 760 4599 rescripta
826 4515 998 4579 misit
1064 4513 1150 4598 (n.
1198 4518 1254 4578 3.
1292 4513 1378 4597 4).
1492 4511 1919 4597 Temporibus
1985 4512 2259 4576 Honorii
2305 4510 2409 4573 III
2476 4516 2817 4574 occurrunt
2883 4510 3153 4576 Corradi
3223 4513 3335 4576 filii

451 4618 865 4683 Malabranca
910 4627 977 4683 et
1020 4618 1412 4703 Stephanus,
1473 4624 1658 4702 pater
1719 4615 1971 4699 Iacobi,
2018 4617 2125 4700 qui
2173 4614 2254 4679 ab
2302 4615 2533 4680 eodem
2579 4615 2882 4698 pontifice
2937 4620 3096 4679 1000
3143 4615 3337 4680 libras

452 4744 519 4786 se
568 4723 887 4807 recepisse
943 4722 1218 4787 confessi
1265 4727 1410 4785 sunt
1455 4719 1541 4806 (a.
1583 4724 1735 4785 1221
1792 4741 1938 4804 aug.
1974 4724 2075 4802 29,
2125 4720 2226 4784 ed.
2260 4718 2442 4784 studi
2490 4741 2525 4784 e
2573 4718 2712 4782 doc.
2746 4719 2878 4785 VII
2925 4722 3048 4782 209
3107 4741 3165 4782 n.
3202 4719 3334 4801 21).

451 4828 530 4890 A.
582 4831 739 4892 1223
809 4827 956 4890 mai.
1006 4830 1087 4892 20
1155 4826 1349 4891 iidem
1422 4824 1839 4892 Malabranca
1911 4831 1979 4889 et
2052 4823 2326 4888 Iacobus
2398 4823 2823 4888 vendiderunt
2895 4821 3185 4885 Honorio
3232 4822 3338 4885 111

452 4937 728 4995 castrum
774 4932 995 4995 Aricia
1038 4928 1342 5014 (Oeneius
1370 4930 1512 4995 Lib.
1544 4950 1714 4994 cens.
1763 4929 1826 4994 S.
1859 4928 1938 4992 R.
1971 4928 2046 4992 E.
2095 4949 2147 4992 c.
2183 4931 2306 4993 203
2341 4927 2441 4993 ed.
2475 4927 3062 4992 Fabre-Duchesne
3097 4926 3129 4989 I
3161 4926 3334 5011 455).

456 5036 639 5100 Conf.
685 5036 964 5119 Latium,
1009 5035 1247 5099 Aricia.

665 5207 1091 5293 Documenta,
1139 5229 1302 5292 quae
1350 5212 1624 5292 exstant,
1671 5206 2093 5272 adservantur
2136 5208 2201 5270 in
2246 5207 2504 5272 archivo
2550 5206 2741 5271 castri
2788 5227 2836 5268 s.
2869 5204 3127 5289 Angeli.
