4065 6049
1370 480 1518 536 Eccl.
1556 500 1597 535 s.
1636 480 1800 536 Pauli
1835 485 1995 538 extra
2031 497 2233 536 muros.
3117 484 3239 545 169

346 676 411 712 ex
447 659 508 713 E
536 658 648 727 (die
682 659 760 721 10,
798 658 831 711 4
866 655 1016 723 ind.).
1095 655 1400 709 Tama-saeui
1442 656 1505 708 in
1548 655 1702 709 Arch.
1746 656 1887 710 della
1931 655 2046 711 Soc.
2086 655 2235 710 Rom.
2279 654 2397 710 XV
2431 661 2529 709 183
2564 671 2613 707 n.
2645 663 2705 720 4,·
2745 653 2905 707 XIX
2942 661 3034 707 142
3069 669 3124 707 n.
3153 662 3212 707 17
3225 674 3242 721 ,-

356 746 573 800 XXVI
595 753 683 799 176
717 744 816 807 (ad
855 751 980 798 1073
1014 748 1170 798 nmrt.
1199 747 1301 811 13).
1371 746 1422 796 J.
1462 751 1615 801 3987.
1651 743 1762 798 JL.
1801 748 1837 810 †
1861 751 1996 797 5200
2029 742 2107 796 acl
2143 752 2270 798 1081
2306 747 2462 796 mart.
2489 749 2567 796 10.

729 840 952 894 Falsam
989 839 1133 894 hanc
1156 838 1368 893 bullam
1403 856 1522 893 esse
1563 857 1611 891 v.
1641 839 2166 908 Pssugk-Harttung
2203 839 2315 893 lter
2350 857 2404 908 p.
2429 841 2498 895 80
2534 841 2592 893 ct
2632 837 2981 892 Loewenfeld
3018 840 3240 891 conten-

557 928 726 993 dunt,
783 926 881 983 sed
915 925 1104 981 nescio
1148 925 1355 995 quibus
1388 924 1702 981 rationibus
1748 924 2082 981 innitantur.
2153 926 2562 996 interpolatam
2606 942 2736 980 vcro
2773 942 2890 981 esse
2927 941 3031 996 ego
3066 924 3241 979 etiam

555 1015 814 1070 concedo,

349 1116 435 1175 17
2664 1108 3154 1190 (1099—1118)

348 1217 518 1280 Ante
566 1217 995 1301 praesentiam
1043 1214 1459 1280 Paschalis
1505 1214 1574 1277 11
1620 1214 1894 1279 Cencius
1939 1222 2007 1279 et
2047 1214 2410 1299 Stephanus
2454 1215 2567 1278 filii
2614 1213 2973 1278 Theobaldi
3020 1214 3243 1279 Cencii

350 1320 430 1385 de
478 1321 806 1405 Stephano
863 1319 1139 1385 reddunt
1193 1321 1256 1383 in
1314 1341 1572 1383 manum
1621 1319 1954 1383 Paschalis
1997 1341 2107 1403 pp.
2164 1319 2226 1382 b.
2273 1318 2478 1383 Paulo
2539 1319 2755 1382 omnia
2801 1318 2909 1382 illa
2955 1317 3240 1400 castella,

350 1447 514 1509 quae
561 1424 973 1488 Theobaldus
1019 1445 1136 1508 per
1166 1425 1293 1487 vim
1341 1424 1398 1487 ei
1446 1422 1818 1503 abstulerat,
1867 1423 1906 1485 i.
1941 1444 1998 1487 e.
2032 1421 2390 1505 Flaianum,
2437 1422 2871 1505 Baccariciae,
2921 1423 3238 1507 Liprinia-

351 1549 532 1605 num,
591 1527 822 1592 ambas
868 1528 1266 1612 civitaculas,
1322 1526 1564 1591 scilicet
1609 1528 1933 1592 civitatem
1982 1526 2063 1591 de
2109 1526 2372 1592 Colonis
2418 1533 2486 1591 et
2530 1527 2855 1591 civitatem
2902 1525 3241 1591 Strictilia-

350 1653 519 1707 nani.
567 1634 630 1696 in
678 1634 996 1698 territorio
1044 1632 1412 1698 Collinensi.
2860 1623 2867 1630 ’

553 1759 598 1797 v.
636 1743 879 1798 chartam
913 1762 1002 1813 ap.
1037 1743 1255 1797 Galletti
1293 1742 1514 1811 Capena
1535 1759 1588 1811 p.
1618 1749 1688 1796 59
1723 1759 1779 1796 n.
1806 1749 1834 1794 1
1868 1742 1956 1810 (ex
1979 1741 2125 1796 arch.
2160 1741 2205 1797 b.
2233 1741 2401 1795 Pauli
2426 1739 2490 1796 N
2506 1742 2576 1808 6).
2603 1770 2666 1779 —
2692 1741 2822 1811 Rey.
2849 1741 2965 1797 JL.
2986 1774 3069 1796 —.

353 1904 436 1962 18
2664 1900 3156 1984 (1099-1118)

350 2005 712 2088 Praecepto
774 2004 1193 2068 Paschalis
1247 2003 1348 2085 ΙΙ,
1416 2025 1494 2067 eo
1563 2005 1626 2067 in
1684 2004 1861 2068 curia
1914 2004 2334 2069 Lateranensi
2403 2010 2741 2088 praesente
2797 2010 2864 2068 et
2917 2004 3241 2085 laudante,

349 2108 728 2171 Anastasius
772 2108 983 2192 presb.
1032 2115 1100 2173 et
1128 2108 1479 2172 monachus
1523 2115 1591 2172 et
1619 2110 1796 2192 prior
1825 2130 1994 2172 mon.
2029 2131 2080 2171 s.
2112 2108 2299 2172 Pauli
2345 2108 2517 2172 locat
2547 2107 2784 2172 Oencio
2818 2114 2883 2173 et
2914 2107 3241 2192 Stephano

357 2212 504 2275 filiis
549 2211 912 2276 Theobaldi
958 2212 1178 2277 Cencii
1225 2212 1454 2276 eadem
1501 2218 1713 2276 castra
1757 2213 1850 2291 (n.
1885 2215 2017 2293 17).

561 2340 602 2377 v.
629 2323 872 2377 chartam
906 2341 995 2392 ap.
1031 2323 1251 2377 Gauetti
1281 2322 1504 2391 Capena
1529 2340 1589 2391 p.
1614 2329 1683 2377 62
1717 2341 1773 2379 n.
1799 2330 1832 2377 2
1865 2324 1957 2390 (ex
1980 2324 2129 2378 arch.
2153 2323 2196 2377 b.
2227 2322 2391 2377 Pauli
2426 2323 2491 2377 N
2500 2326 2570 2392 9).
2607 2354 2658 2362 -
2691 2322 2817 2392 Rcy.
2849 2323 2966 2379 JL.
2987 2356 3071 2379 —.

355 2483 438 2540 19
2274 2481 2594 2545 Laterano
2640 2483 2810 2544 1130
2852 2486 3038 2545 ηιανι.
3070 2484 3159 2545 27

353 2584 738 2649 Anacletu
756 2607 786 2646 s
810 2584 878 2647 II
909 2585 1252 2649 Anastasio
1277 2584 1494 2649 abbati
1523 2607 1571 2648 s.
1589 2583 1777 2648 Pauli
1803 2590 1952 2649 etc.:
1981 2584 2315 2649 confirmat
2336 2584 2419 2649 ad
2446 2586 2782 2669 exemplar
2803 2585 3243 2650 Alexandr-ill

351 2692 445 2771 (n.
479 2692 592 2772 14)
637 2690 1048 2774 ‘aliorumque
1109 2694 1259 2753 ante
1315 2710 1460 2753 eum
1520 2689 1889 2774 pontificum
1946 2688 2386 2753 Romanorum
2441 2689 2800 2753 oblationes
2852 2710 2892 2753 a
2948 2689 3245 2754 fidelibus

353 2794 569 2875 datas,
639 2795 791 2857 item
876 2796 1314 2878 possessiones
1380 2794 1757 2857 nominatim
1811 2792 2161 2857 illustratas
2228 2800 2294 2858 et
2359 2795 2499 2858 iura
2571 2800 2638 2858 et
2705 2815 3147 2879 quaecumque
3204 2815 3243 2856 a

351 2895 411 2959 b.
447 2896 765 2981 Gregorio
811 2911 906 2978 (n.
937 2900 1010 2975 3)
1057 2903 1122 2962 et
1153 2897 1460 2962 Silvestre
1493 2902 1586 2979 (n.
1622 2900 1756 2981 11),
1803 2897 2052 2962 Marino
2085 2906 2179 2979 (n.
2210 2899 2301 2981 9),
2346 2898 2567 2963 Leone
2600 2899 2692 2975 (n.
2730 2899 2863 2982 12),
2910 2898 3241 2983 Stephano

349 3008 441 3081 (n.
490 3002 621 3084 13),
691 3000 1067 3066 Alexandro
1133 3006 1228 3085 (n.
1279 3006 1389 3086 14)
1458 3023 1764 3068 concessa
1822 3007 1984 3068 sunt.
2058 3040 2139 3050 —
2207 3001 2292 3067 Et
2344 3002 2740 3088 apostolicae
2805 3002 2995 3068 sedis.
3098 3000 3240 3088 Ego

351 3105 703 3170 Anacletus
761 3112 883 3171 etc.
954 3105 1207 3171 Subscr.
1264 3112 1338 3172 13
1408 3107 1581 3172 card.
1653 3108 1802 3172 Dat.
1851 3109 1992 3173 Lat.
2060 3130 2122 3192 p.
2174 3130 2258 3171 m.
2314 3107 2588 3172 Saxonis
2655 3108 2719 3173 S.
2763 3108 2841 3172 R.
2885 3108 2958 3171 E.
3029 3105 3239 3191 presb.

350 3210 523 3274 card.
572 3218 639 3275 et
684 3232 882 3294 canc,
930 3214 969 3274 6
1000 3211 1130 3276 kal.
1180 3212 1385 3296 april.,
1432 3211 1560 3276 ind.
1597 3217 1654 3296 8,
1700 3215 1820 3277 inc.
1869 3214 1931 3278 d.
1979 3235 2037 3277 a.
2086 3217 2271 3297 1130,
2318 3219 2493 3297 pont.
2541 3219 2669 3277 aut.
2720 3212 2781 3278 d.
2828 3211 3124 3276 Anacleti
3173 3209 3241 3272 II

442 3367 455 3379 .
504 3339 560 3384 a.
605 3321 653 3379 l.

349 3338 434 3400 pp
553 3417 607 3471 B
641 3436 693 3473 α.
722 3426 850 3472 1398
885 3423 983 3472 oct.
1014 3424 1093 3472 22.
1153 3419 1235 3486 [G
1263 3419 1306 3482 f.
1335 3419 1462 3487 18⁴J.
1502 3451 1566 3458 —
1607 3418 1752 3474 Edd.
1793 3419 2110 3488 margarini
2144 3418 2295 3472 Bau.
2338 3419 2456 3473 Cae.
2484 3419 2563 3472 ΙΙ
2599 3425 2695 3473 139
2729 3435 2784 3472 n.
2816 3425 2907 3472 150
2945 3441 3008 3462 ==
3051 3415 3244 3486 Miqne

353 3504 675 3558 CLXXIX
709 3512 811 3558 692
844 3523 901 3560 n.
928 3514 976 3558 4.
1005 3538 1070 3546 —
1101 3505 1263 3574 Reyq.
1295 3504 1511 3558 Gattaei
1535 3505 1755 3572 Capena
1769 3522 1829 3573 p.
1855 3515 1931 3560 41.
1999 3505 2308 3560 Tonmssctti
2332 3506 2395 3558 in
2418 3505 2582 3560 Arcto.
2608 3505 2747 3559 della
2770 3504 2884 3559 Soc.
2912 3504 3064 3560 Rom.
3088 3502 3246 3556 XIX

348 3592 530 3657 (1896)
567 3599 662 3645 142
698 3609 753 3645 n.
782 3601 859 3646 18.
897 3592 958 3647 J.
997 3599 1146 3646 5926.
1185 3592 1302 3646 JL.
1339 3598 1484 3648 8373.

352 3732 439 3791 20
2247 3731 2571 3795 Laterano
2614 3733 2816 3812 (1139
2860 3729 3050 3810 april.
3083 3732 3156 3807 3)

350 3832 769 3898 Praesidente
815 3834 1279 3899 Innocentio
1327 3834 1395 3897 11
1441 3835 1504 3898 in
1550 3834 1821 3899 concilio
1852 3836 2274 3899 Lateranensi
2318 3837 2381 3899 in
2413 3836 2570 3900 eccl.
2604 3835 2953 3900 Salvatoris
2984 3833 3240 3897 sollem-

352 3937 518 3999 niter
562 3936 784 4001 habito
831 3944 898 4002 et
928 3938 1422 4003 consedentibus
1461 3939 1680 4023 primis
1728 3938 1791 4003 S.
1824 3939 1902 4003 R.
1933 3939 2007 4003 E.
2057 3945 2123 4003 et
2153 3939 2627 4005 collateralibus
2658 3939 2996 4023 episcopiS,
3045 3937 3243 4002 tribus

353 4062 608 4126 quoque
672 4043 1056 4126 patriarchis
1102 4044 1537 4125 Antiochen0‚
1596 4043 2124 4128 Aquilejensinet
2170 4040 2567 4129 G[radensi],
2627 4044 2762 4106 Azo
2817 4042 3017 4108 abbas
3072 4063 3241 4104 mon.

353 4168 401 4208 s.
434 4145 623 4209 Pauli
681 4149 1147 4232 querimoniam
1207 4148 1363 4212 facit
1426 4156 1649 4213 contra
1713 4148 2113 4233 Stephanum
2164 4147 2526 4213 Theobaldi
2573 4155 2639 4213 et
2682 4145 3130 4211 Theobaldum
3177 4152 3246 4210 et

354 4248 619 4313 Petrum
666 4258 936 4335 nepotes
980 4252 1117 4316 eius
1163 4251 1243 4316 de
1292 4258 1499 4316 castro
1545 4251 1892 4316 Baccarice
1938 4259 2006 4316 ct
2053 4250 2133 4315 de
2180 4251 2465 4316 Castello
2512 4272 2698 4333 novo,
2745 4257 2967 4314 contra
3012 4249 3241 4313 Tibur-

355 4354 519 4415 tinos
582 4353 663 4418 de
710 4362 919 4420 castro
966 4357 1166 4419 sancti
1214 4355 1361 4419 Poli
1419 4361 1486 4420 et
1545 4355 1818 4420 ecclesia
1863 4377 1911 4418 s.
1945 4354 2221 4419 Cosmae
2269 4355 2351 4419 de
2383 4355 2702 4419 Vicovaro
2750 4361 2817 4418 et
2860 4377 2908 4418 s.
2943 4354 3129 4418 Pauli
3177 4360 3243 4418 et

355 4479 401 4519 s.
436 4457 669 4541 Angeli
717 4460 782 4522 in
827 4459 1185 4541 Perlaiule,
1244 4465 1468 4523 contra
1515 4460 1938 4523 Octavianum
1998 4459 2200 4523 filium
2266 4457 2513 4524 Odonis
2567 4460 2647 4524 de
2707 4459 3116 4522 Numentana
3160 4458 3240 4522 de

353 4568 561 4624 castro
608 4562 1039 4646 NumentanO,
1088 4570 1311 4628 contra
1355 4564 1754 4629 Baronzinos
1808 4562 1890 4628 de
1945 4571 2131 4647 parte
2179 4563 2460 4649 quadam
2506 4563 2571 4626 in
2616 4568 2825 4626 castro
2872 4562 3131 4628 Patrica
3176 4569 3243 4627 et

353 4673 576 4729 contra
621 4670 921 4733 comitem
969 4669 1271 4733 Galeriac
1320 4668 1400 4733 de
1446 4675 1654 4733 castro
1701 4668 2022 4732 Galeriae.
2750 4751 2751 4768 χ

559 4794 604 4833 υ.
629 4777 857 4833 libellum
881 4780 1161 4848 qtoendum
1185 4797 1275 4849 ap.
1300 4778 1523 4834 Gauetti
1553 4780 1770 4848 Capena
1786 4797 1844 4848 11·
1865 4787 1933 4834 65
1955 4785 2057 4834 223
2074 4779 2161 4848 (a
2178 4778 2324 4835 arch.
2344 4778 2389 4833 b.
2409 4779 2575 4833 Pauli
2599 4778 2664 4833 N
2676 4781 2750 4849 6).
2782 4810 2847 4819 —
2880 4778 3011 4847 Ray.
3029 4778 3076 4833 J
3077 4777 3144 4833 L.
3158 4810 3241 4832 —.

348 4937 434 4997 21
2300 4937 2642 5001 Ferentino
2689 4936 2857 4999 1175
2903 4937 3038 5001 iun.
3077 4940 3157 4999 10

350 5039 798 5104 Alexander
843 5039 946 5103 III
992 5040 1314 5106 Rainaldo
1360 5039 1670 5125 Aquinati
1717 5063 1851 5125 ep.:
1902 5040 2143 5106 decidit
2189 5062 2446 5106 causam
2494 5042 2660 5105 inter
2706 5061 2853 5106 eum
2900 5047 2966 5106 et
3011 5040 3243 5105 fratres

352 5165 401 5206 s.
433 5143 623 5208 Pauli
670 5144 750 5208 de
797 5144 1006 5208 Roma
1053 5165 1245 5229 super
1290 5144 1566 5209 ecclesia
1611 5167 1657 5208 s.
1691 5144 1826 5207 Viti
1874 5144 1954 5208 de
2002 5144 2222 5209 Melfia
2267 5150 2644 5210 vertentem.

734 5273 782 5310 v.
819 5254 1041 5326 Aquino
1077 5254 1260 5326 Episc.
