4065 6049
834 460 916 522 76
1168 420 1172 424 *
2188 455 2381 512 Roma.

829 631 955 695 *12
3235 633 3642 716 (1057-53)

831 734 1262 820 Stephanus
1305 735 1406 800 IX
1449 734 1673 801 itidem
1720 735 1900 801 iubet
1943 737 2048 818 (ut
2090 758 2152 800 n.
2188 739 2289 799 10.
2326 738 2457 820 11).

1037 847 1216 903 Laud.
1251 848 1315 901 in
1351 866 1403 902 n.
1431 857 1506 904 16.
1544 878 1610 888 —-
1649 848 1778 919 Rea.
1815 848 1923 904 JL.
1958 880 2043 903 -.

827 971 954 1035 *13
3232 972 3637 1059 (1059—61)

826 1075 1200 1142 Nicolaus
1245 1077 1315 1142 II
1359 1077 1583 1144 itidem
1629 1078 1808 1144 iubet
1851 1078 1956 1161 (ut
1997 1099 2063 1145 n.
2097 1081 2199 1143 10.
2233 1081 2336 1143 11.
2372 1081 2504 1157 12).

1033 1198 1219 1253 Laud.
1254 1199 1319 1254 in
1350 1215 1407 1255 n.
1432 1206 1509 1255 16.
1545 1230 1611 1240 —-
1651 1199 1780 1270 Ray.
1814 1199 1925 1255 JL.
1960 1229 2046 1255 —.

1211 1295 1509 1361 ¹,Attamen
1544 1293 1917 1365 adimpletum
1952 1311 2065 1350 non
2101 1293 2258 1350 fuit!

824 1414 948 1478 *14
3262 1418 3603 1480 1061—73

823 1492 1271 1585 Alexander
1315 1518 1384 1584 11
1437 1521 1907 1606 possessionem
1969 1520 2351 1586 ecclesiolae
2399 1541 2480 1585 ss.
2527 1519 2805 1586 Cosmae
2852 1526 2920 1586 et
2961 1417 3266 1585 Damian(i
3308 1542 3358 1584 s.
3405 1420 3715 1586 Marogllo

827 1623 1012 1689 reddi
1057 1623 1255 1690 iubet.

1031 1734 1214 1790 Laud.
1250 1736 1313 1789 in
1344 1752 1400 1792 n.
1426 1744 1502 1792 16.
1540 1769 1607 1779 —
1647 1736 1775 1807 Rey.
1811 1736 1925 1793 JL.
1967 1767 2051 1792 -.

1205 1830 1342 1897 „Sed
1379 1835 1610 1904 propter
1644 1830 2065 1889 adversantium
2100 1830 2594 1902 importunitatem
2628 1847 2739 1885 non
2776 1829 3013 1901 potuit-⁸

821 1953 945 2017 *15
3258 1955 3597 2016 1080—84

823 2057 1193 2124 Clemens
1247 2059 1353 2124 III
1423 2059 1806 2144 (wibertus)
1876 2066 2137 2145 pactum
2205 2059 2533 2144 componit
2597 2059 2765 2123 inter
2832 2059 3101 2124 clericos
3171 1955 3262 2122 s.(
3289 1954 3715 2123 Marcelli)et

821 2161 1124 2228 abbatem
1178 2187 1226 2227 s.
1275 2163 1564 2248 Sepulcri
1621 2162 2229 2249 Aquaependentis,
2298 2168 2368 2228 ut
2430 2163 2890 2229 monasterium
2959 2162 3238 2227 retincat
3304 2162 3714 2228 ecclesiolam

821 2288 901 2331 ss.
949 2267 1224 2334 Cosmae
1271 2275 1339 2333 et
1381 2268 1703 2352 Damiani‚
1750 2267 2015 2353 singulis
2047 2267 2405 2354 quibusque
2451 2267 2634 2332 annis
2679 2266 2966 2333 debitam
3010 2287 3289 2352 poenam
3320 2267 3712 2352 persolvens.

1028 2378 1216 2435 Laud.
1252 2380 1315 2432 in
1346 2396 1404 2434 n.
1432 2386 1512 2435 16.
1550 2409 1615 2419 —
1653 2379 1787 2452 Ray.
1823 2379 1935 2435 JL.
1974 2411 2057 2433 —.

1198 2475 1306 2530 Sed
1342 2474 1520 2531 abbas
1556 2474 1830 2546 promissa
1865 2492 1975 2530 non
2009 2474 2199 2530 solvit.
2269 2475 2471 2545 Itaque
2520 2492 2674 2546 papa
2708 2474 2782 2530 ad
2817 2473 3084 2531 abbatem
3120 2472 3346 2528 nuntios
3380 2472 3562 2538 misit,
3616 2474 3715 2529 sed

1025 2561 1123 2618 ille
1158 2562 1232 2617 ad
1265 2566 1379 2618 tres
1414 2562 1682 2618 terminos
1716 2563 1926 2619 frustra
1961 2565 2323 2633 exspectatus
2359 2566 2461 2618 est.

821 2706 904 2765 16
2833 2701 3156 2767 Laterano
3202 2703 3370 2766 1084
3414 2722 3553 2766 nov.
3584 2706 3626 2765 4

818 2805 1179 2872 Clemens
1223 2806 1327 2870 III
1381 2804 1775 2892 (Wibertus)
1835 2806 2134 2872 fidelibus
2191 2807 2462 2873 Christi:
2520 2807 2734 2873 reddit
2787 2806 3036 2872 clericis
3091 2805 3259 2871 tituli
3313 2827 3363 2869 s.
3418 2805 3711 2871 Marcelli

817 2911 1290 2995 possessionem
1344 2911 1722 2977 ecclesiolae
1789 2934 1870 2976 ss.
1918 2911 2197 2978 Cosmae
2252 2917 2320 2977 et
2372 2911 2674 2976 Damiani
2734 2917 2802 2976 et
2864 2910 3146 2975 omnium
3205 2909 3519 2974 bonorum
3575 2910 3714 2974 eius

817 3013 900 3079 ad
968 3035 1151 3079 usum
1220 3022 1287 3080 et
1353 3015 1689 3100 salarium,
1759 3016 1938 3082 salva
2005 3022 2224 3082 tamen
2287 3015 2539 3082 abbatis
2596 3014 2675 3101 (s.
2747 3014 3041 3101 Sepulcri
3107 3013 3711 3100 Aquaependentis)

819 3119 1085 3204 querela
1136 3121 1303 3185 intra
1347 3122 1705 3205 praesentis
1750 3123 1899 3186 anni
1946 3123 2245 3206 spatium.
2291 3157 2376 3168 —
2420 3120 2834 3206 Dispensatio
2879 3120 3050 3185 licet.
3128 3119 3383 3185 Subscr.
3423 3122 3500 3183 12
3536 3117 3710 3184 card.

815 3220 966 3286 Dat.
1012 3223 1156 3288 Lat.
1219 3244 1282 3307 p.
1326 3245 1409 3287 m.
1471 3223 1792 3309 Sigefredi
1836 3225 2192 3290 Bononien.
2256 3246 2358 3310 ep.
2416 3226 2555 3290 vice
2619 3223 2798 3290 Petri
2854 3244 3065 3307 canc.‚
3134 3244 3195 3287 a.
3242 3222 3304 3287 d.
3347 3224 3470 3287 inc.
3526 3226 3711 3306 1084,

814 3324 942 3389 ind.
991 3328 1051 3410 8,
1098 3348 1155 3392 a.
1204 3333 1334 3391 aut.
1381 3333 1557 3413 pont.
1607 3327 1668 3392 d.
1715 3329 2070 3395 Clementis
2116 3328 2221 3392 111
2265 3351 2373 3414 pp.
2413 3332 2468 3412 1,
2501 3331 2539 3392 2
2586 3349 2733 3392 non.
2781 3348 2961 3406 noV.;
3009 3333 3223 3393 actum
3255 3327 3363 3392 fel.
3412 3348 3623 3393 amen.

1017 3438 1086 3492 A.
1128 3468 1187 3478 -
1225 3438 1336 3494 Ed.
1377 3438 1530 3493 Mon.
1565 3438 1681 3494 ord.
1717 3438 1856 3494 Serv.
1893 3441 1959 3494 11
1993 3447 2089 3495 191
2122 3457 2178 3495 π.
2201 3450 2227 3494 1
2264 3455 2331 3494 ex
2366 3441 2435 3494 A.
2473 3469 2540 3479 —
2577 3439 2702 3508 Ray.
2739 3438 2849 3494 η.
2890 3468 2971 3493 —.

814 3581 899 3641 17
2971 3578 3179 3646 Tivoli
3220 3581 3391 3643 1089
3435 3577 3549 3644 iul.
3582 3581 3624 3642 9

812 3681 1176 3748 Clemens
1220 3683 1323 3747 ΠΙ
1367 3683 1761 3767 (Webertus)
1802 3685 2062 3751 Donato
2107 3686 2499 3772 archipresb.
2547 3691 2698 3752 etc.:
2757 3684 3047 3751 Roberto
3106 3685 3262 3750 eccl.
3319 3707 3368 3749 s.
3415 3684 3710 3749 Marcelli

811 3785 1202 3851 subdiacono
1269 3788 1767 3873 interveniente,
1836 3788 2036 3855 donat
2100 3791 2437 3856 ecclesiam
2494 3813 2543 3855 s.
2591 3789 2878 3874 Philippi
2946 3790 3135 3854 sitam
3202 3789 3268 3853 in
3335 3789 3477 3854 loco
3533 3810 3595 3875 q.
3644 3788 3707 3853 d.

809 3890 1026 3955 Massa
1072 3889 1153 3955 de
1196 3890 1478 3957 bestario
1524 3892 1584 3956 b.
1616 3893 1797 3958 Petri
1843 3914 1987 3959 cum
2028 3894 2322 3958 omnibus
2366 3896 2496 3959 suis
2526 3895 2927 3979 pertinentiis
2971 3893 3037 3958 in
3065 3914 3252 3958 usum
3285 3898 3353 3959 et
3381 3894 3708 3977 salarium,

811 3992 927 4056 sub
996 4015 1190 4058 censu
1252 3998 1291 4057 2
1347 3994 1754 4061 denariorum
1822 4000 2149 4062 annuatim
2217 4020 2266 4061 s.
2323 3998 2744 4063 Lateranensi
2811 3998 3054 4082 palatio
3124 3997 3573 4083 persolvendo.
3596 3985 3708 4044 '—

812 4096 1120 4170 Quamvis
1164 4098 1473 4163 ineffabili
1521 4100 1881 4164 clementia.
1970 4100 2122 4166 Dat.
2171 4101 2428 4186 Tybure
2475 4124 2537 4187 p.
2579 4123 2664 4166 m.
2712 4103 2892 4167 Petri
2938 4101 3002 4167 S.
3034 4100 3114 4166 R.
3147 4101 3221 4166 E.
3270 4099 3483 4187 presb.
3532 4100 3706 4166 card.

811 4208 1006 4285 atque
1053 4201 1228 4286 bibl.,
1278 4209 1312 4267 7
1361 4202 1446 4267 id.
1494 4204 1624 4286 iul„
1673 4226 1729 4269 a.
1766 4209 1804 4268 5
1850 4211 2026 4289 pont.
2075 4205 2136 4270 d.
2185 4206 2538 4272 Clementis
2582 4206 2685 4270 III
2728 4227 2860 4291 pp.‚
2906 4205 3034 4271 ind.
3090 4209 3187 4270 12.

1016 4313 1087 4367 A.
1133 4343 1187 4351 -
1229 4313 1337 4368 Ed.
1374 4315 1528 4369 Mon.
1566 4314 1682 4370 ord.
1712 4315 1856 4370 Serv.
1894 4315 1968 4369 II
1995 4324 2088 4372 196
2119 4334 2174 4370 n.
2200 4323 2233 4371 2
2266 4332 2331 4372 m:
2365 4318 2435 4372 A.
2475 4348 2540 4357 —
2578 4317 2703 4385 Ray.
2740 4315 2859 4372 JL.
2897 4347 2979 4371 —-.

1188 4408 1270 4464 De
1296 4427 1478 4466 massa
1502 4410 1570 4467 de
1599 4411 1863 4467 vestiario
1887 4413 1956 4467 cf.
1982 4412 2221 4469 Galletti
2250 4413 2350 4468 Del
2379 4412 2687 4469 vestarario
2711 4431 2766 4483 p.
2795 4413 2861 4469 10
2878 4430 2958 4482 sq.
2984 4415 3044 4468 et
3070 4412 3343 4469 Albarelli
3369 4412 3406 4467 l.
3433 4430 3479 4468 c.
3506 4430 3560 4482 p.
3581 4413 3705 4468 211.

808 4564 934 4627 *18
3161 4572 3588 4634 1099—1118

808 4669 982 4734 Ante
1029 4669 1491 4736 Paschalem
1539 4671 1606 4735 H
1652 4673 1970 4737 sententia
2016 4672 2448 4756 denuntiatur,
2497 4675 2836 4740 ecclesiam
2883 4698 2932 4740 s.
2966 4571 3214 4741 Mariie
3262 4674 3343 4740 de
3390 4574 3709 4740 Cannglla

813 4772 966 4835 iuris
1013 4780 1080 4838 et
1121 4775 1536 4858 proprietatis
1582 4782 1778 4861 atque
1823 4776 2173 4860 parochiae
2220 4799 2269 4841 s.
2316 4778 2608 4844 Marcelli
2656 4800 2818 4844 esse.

1014 4883 1198 4939 Laud.
1235 4885 1297 4938 in
1330 4902 1386 4940 n.
1414 4895 1488 4940 19.
1528 4918 1591 4926 —
1639 4886 1765 4955 Req.
1790 4885 1909 4941 JL.
1946 4917 2031 4942 —.

808 5008 892 5069 19
2029 5066 2042 5078 .
2467 5009 2676 5076 Roma
2719 5011 2789 5076 S.
2836 5009 3053 5078 Pietro
3098 5015 3269 5077 1118
3312 5016 3497 5077 mart.
3532 5015 3617 5076 19

809 5109 1240 5195 Gregorius
1299 5111 1465 5175 VIII
1548 5110 1953 5192 (Burdinus)
2018 5112 2315 5178 Romano
2395 5114 2597 5200 (card.
2667 5138 2715 5179 s.
2787 5114 3020 5201 Marci)
3095 5119 3466 5202 praeposito
3542 5120 3701 5183 eccl.

808 5236 856 5278 s.
891 5215 1183 5280 Marcelli
1230 5222 1381 5280 etc.:
1431 5216 1726 5282 concedit
1769 5216 2113 5281 ecclesiam
2159 5242 2208 5283 s.
2241 5219 2486 5285 Mariae
2533 5220 2598 5283 in
2644 5220 2976 5304 Cannella,
3025 5242 3191 5305 quae
3238 5223 3394 5286 iuris
3438 5227 3505 5287 et
3548 5244 3702 5307 pro-
