4065 6049
2091 476 2285 533 Roma.
2423 518 2427 523 ,

944 651 1139 718 Gard
1158 652 1410 718 inalea
1456 653 1701 719 sancti
1747 652 2000 720 Petri:

1248 763 1313 829 8.
1343 766 1549 833 Marie
1595 764 2080 851 Transtyberim

1247 871 1313 937 8.
1344 869 1692 958 Grisogoni

1246 975 1310 1038 8.
1344 974 1586 1040 Cecilie

1251 1079 1315 1143 8.
1346 1081 1710 1165 Anaetaeye

1247 1183 1310 1247 8.
1343 1184 1677 1249 Laurentii
1723 1185 1784 1248 in
1835 1184 2121 1250 Damaso
2172 1181 2519 1272 [Damasco
2566 1185 2726 1273 cod]

1110 1320 1113 1323 1
1248 1286 1311 1351 8.
1346 1287 1551 1352 Marci

1247 1389 1363 1454 88.
1393 1390 1654 1456 Martini
1701 1400 1769 1456 et
1812 1391 2123 1457 silvestri.

945 1562 1409 1628 cardinales
1454 1566 1707 1629 sancti
1754 1564 2007 1631 Pauli:

1246 1677 1311 1742 8.
1345 1676 1582 1743 Sabine

1247 1781 1312 1847 S.
1343 1782 1565 1850 Prisce

1249 1886 1315 1952 8.
1345 1885 1620 1954 Balbine

1245 1989 1359 2057 88.
1389 1989 1614 2058 Nereii
1659 2002 1727 2059 et
1770 1993 2072 2078 Achyllei

1248 2096 1315 2162 8.
1347 2095 1531 2183 Syxti
1750 2170 1757 2177 ,
1832 2144 1837 2147 -

1246 2201 1311 2266 8.
1345 2200 1635 2267 Marcelli

1249 2303 1313 2369 8.
1347 2304 1659 2389 Susame,
1704 2305 1814 2370 ubi
1862 2313 2008 2371 sunt
2056 2308 2270 2392 capita
2316 2330 2396 2371 ss.
2431 2307 2669 2374 Ooame
2713 2316 2783 2375 et
2826 2308 3148 2376 Damiani.

943 2476 1421 2543 Cardinalea
1466 2484 1731 2543 sancte
1776 2478 2028 2543 Marie
2075 2478 2447 2545 Maioris:

1247 2589 1359 2655 88.
1391 2591 1855 2676 Apostolorum

1249 2694 1313 2759 8.
1348 2693 1602 2779 Cyriaci
1647 2696 1714 2759 in
1760 2695 2059 2760 Thermis
2109 2694 2374 2782 [termas
2420 2698 2578 2785 cod]

1246 2806 1309 2872 8.
1343 2806 1607 2873 Eusebii

1246 2911 1310 2977 8.
1341 2911 1730 2977 Potentiane

1246 3015 1311 3082 8.
1343 3015 1581 3082 'vitalis
1876 3079 1883 3085 .

1247 3120 1359 3185 88.
1392 3121 1754 3187 Marcellini
1799 3127 1864 3185 et
1910 3120 2091 3185 Petri

1245 3223 1308 3289 S.
1343 3223 1716 3291 Clementia.

945 3388 1426 3455 Cardinales
1471 3393 1720 3456 sancti
1768 3392 2213 3456 Laurentii:

1247 3501 1311 3566 S.
1345 3502 1665 3568 Praxedie

1247 3606 1311 3671 8.
1344 3606 1527 3675 Petri
1573 3607 1655 3672 ad
1686 3606 1962 3673 Vincula

1249 3710 1312 3775 S.
1344 3712 1678 3777 Laurentii
1723 3712 1790 3778 in
1834 3713 2082 3778 Lucina

1248 3815 1311 3880 8.
1346 3815 1569 3881 Crucis
1614 3818 1681 3881 in
1720 3816 2134 3883 Hierusalem

1245 3919 1310 3985 8.
1345 3920 1659 4006 Stephani
1703 3922 1769 3985 in
1813 3920 1998 3987 Oelio
2045 3928 2262 3986 monte
2315 3920 2506 4008 [Cilio
2556 3931 2773 3986 monte
2820 3919 2999 4031 ⁶·on

1249 4023 1361 4090 88.
1393 4024 1703 4091 Iohannis
1749 4031 1816 4090 et
1860 4025 2048 4091 Pauli
2517 4048 2520 4052 ·

1249 4130 1361 4195 88.
1395 4128 1609 4194 111101·
1653 4130 2143 4196 Coronatorum.

948 4295 1347 4362 Diacones
1392 4302 1565 4361 sunt
1606 4295 1672 4360 X
1716 4302 1794 4360 et
1837 4295 2039 4365 ..VIII:

1245 4408 1309 4473 8.
1342 4410 1548 4474 Marie
1594 4410 1661 4473 in
1703 4408 2042 4493 Domnica,
2087 4408 2197 4472 ubi
2245 4415 2344 4474 eat
2389 4407 2942 4474 archidiaconatus

1246 4512 1311 4578 8.
1341 4514 1542 4579 Lucie
1588 4512 1812 4598 palatii
1859 4513 1923 4577 in
1971 4533 2159 4597 cyrco
2207 4514 2384 4579 iuxta
2432 4511 2633 4597 Septa
2679 4512 2833 4576 solis

1247 4617 1311 4682 8.
1342 4617 1548 4683 Marie
1594 4615 1780 4683 Nove

1247 4721 1358 4787 88.
1394 4721 1629 4788 Cosme
1676 4728 1743 4786 et
1784 4722 2086 4787 Damiani
2134 4721 2358 4807 palatii

1244 4825 1308 4891 8.
1341 4825 1617 4891 Adriani
1660 4825 1889 4912 palatii

1245 4929 1356 4996 88.
1392 4929 1603 5016 Sergii
1650 4939 1718 4996 et
1758 4930 1967 4996 Bachi

1241 5035 1306 5100 8.
1336 5033 1667 5101 Theodori
1710 5034 1937 5121 palatii
1983 5033 2396 5121 [Theoderici
2442 5031 2601 5121 cod]

1246 5138 1311 5207 8.
1345 5138 1616 5226 Georgii
1659 5139 1885 5226 palatii

1248 5244 1313 5309 8.
1345 5244 1551 5309 Marie
1597 5245 1664 5308 in
1707 5242 1899 5309 Scola
1945 5243 2159 5311 Greca
2204 5244 2429 5330 palatii
