4065 6049
825 494 947 560 128
2179 483 2373 546 Roma.

820 668 1163 754 Completa
1207 667 1329 731 fuit
1372 688 1411 731 a
1456 666 1620 731 Iulio
1659 666 1691 729 I
1739 664 2110 751 (Duchesne
2150 666 2184 729 I
2225 668 2283 732 8.
2317 669 2376 730 9.
2410 668 2564 741 205;
2612 665 2971 730 Mommsen
3016 688 3079 751 p.
3124 665 3257 752 75),
3301 666 3473 733 unde
3520 665 3711 733 etiam

820 794 1055 837 nomen
1100 771 1404 836 basilicae
1435 770 1606 851 Iulii,
1653 773 1786 834 sive
1818 770 1965 835 Iulii
2011 778 2079 835 et
2108 771 2346 837 Calixti
2393 769 2502 855 (cf.
2527 769 2873 835 Duchesne
2920 772 2981 834 in
3016 770 3351 856 Melanges
3376 772 3507 836 VII
3539 773 3710 857 226).

818 877 983 942 Eam
1038 875 1364 941 dedicavit
1417 874 1781 941 Celestinus
1823 878 1857 941 I
1915 875 2003 960 (n.
2050 874 2143 961 1),
2213 878 2628 940 restituerunt
2694 875 3047 961 Gregorius
3092 876 3196 940 111
3262 875 3433 961 (Lib.
3488 879 3711 961 pontif.

820 980 923 1046 ed.
969 980 1315 1045 Duchesne
1360 979 1395 1042 I
1439 977 1626 1064 419),
1686 980 2058 1046 Hadrianus
2104 980 2137 1043 Ι
2194 978 2266 1064 (1.
2313 1000 2366 1044 c.
2415 980 2449 1043 I
2496 980 2681 1065 509),
2748 978 3103 1065 Gregorius
3150 981 3245 1047 IV
3290 980 3362 1066 (l.
3396 1002 3449 1045 c.
3481 981 3551 1044 II
3584 981 3713 1066 80),

818 1086 956 1149 Leo
985 1084 1084 1149 IV
1123 1084 1192 1169 (l.
1226 1104 1278 1150 c.
1313 1083 1382 1147 Π
1420 1081 1590 1168 120),
1636 1083 2027 1150 Benedictus
2059 1081 2165 1148 ΠΙ
2208 1084 2280 1170 (l.
2315 1105 2369 1148 c.
2403 1084 2471 1148 11
2511 1083 2661 1170 147)
2706 1089 2772 1149 et
2816 1087 3163 1169 praecipue
3209 1084 3621 1150 Innocentius
3651 1085 3717 1148 Π

819 1187 890 1273 (l.
923 1209 977 1253 c.
1012 1187 1080 1251 Π
1115 1188 1290 1273 384),
1339 1188 1447 1273 qui
1491 1187 1582 1252 ibi
1627 1188 1917 1272 sepultus
1962 1195 2080 1253 est.
2142 1188 2446 1253 Ditarunt
2489 1187 2861 1253 Hadrianus
2891 1188 2925 1252 Ι
2966 1187 3039 1274 (l.
3072 1209 3127 1259 c.
3159 1189 3193 1252 I
3224 1187 3401 1273 511),
3446 1190 3584 1253 Leo
3616 1188 3717 1252 ΙΙΙ

821 1291 888 1376 (1.
922 1313 976 1357 c.
1009 1292 1079 1355 II
1125 1296 1184 1356 9.
1237 1295 1336 1356 11.
1388 1296 1486 1357 16.
1541 1296 1637 1356 19.
1685 1290 1818 1377 26),
1864 1291 2218 1375 Gregorius
2263 1291 2360 1356 IV
2404 1289 2476 1376 (l.
2510 1312 2565 1356 c.
2597 1290 2667 1354 Π
2716 1291 2998 1377 77-80)
3046 1298 3114 1357 et
3156 1291 3550 1358 Benedictus
3594 1292 3716 1374 III,

821 1397 929 1481 qui
994 1397 1091 1460 tit.
1152 1394 1393 1461 Oalixti
1459 1395 1800 1480 presbyter
1863 1395 2078 1460 fuerat
2138 1393 2208 1479 (1.
2256 1415 2310 1458 c.
2355 1394 2424 1458 Π
2475 1395 2645 1480 145).
2757 1394 2859 1458 Ibi
2924 1394 3279 1480 Gregorius
3342 1396 3441 1461 IV
3493 1418 3716 1461 mona-

822 1500 1087 1565 sterium
1132 1497 1250 1563 sub
1294 1500 1554 1564 nomine
1599 1522 1649 1563 s.
1681 1500 1956 1577 Mariae,
2025 1520 2078 1564 s.
2123 1499 2406 1564 Cornelii
2453 1505 2520 1564 et
2563 1521 2613 1564 s.
2647 1497 2886 1564 Calixti
2931 1501 3238 1585 instituit,
3305 1508 3379 1565 ut
3421 1500 3718 1565 monachi

824 1606 887 1670 in
933 1606 1074 1689 ipsa
1119 1603 1393 1670 ecclesia
1437 1626 1486 1667 s.
1520 1602 1845 1669 Caeciliae
1891 1602 2106 1668 divina
2151 1601 2365 1667 officia
2407 1604 2847 1670 ministrarent
2890 1603 2979 1689 (n.
3012 1603 3101 1689 2).

1039 1761 1421 1844 Archivum‚
1485 1760 1663 1825 cuius
1718 1759 2175 1824 documentum
2232 1760 2744 1845 antiquissimum
2788 1782 2907 1844 pro
2953 1763 3343 1826 monasterio
3392 1783 3442 1824 s.
3474 1760 3719 1825 Mariae

826 1873 894 1929 et
938 1887 986 1927 s.
1033 1864 1317 1930 Cornelii
1371 1885 1431 1949 q.
1479 1885 1629 1947 app.
1688 1863 1928 1929 Calixti
1985 1863 2449 1929 Transtiberim
2505 1863 2652 1929 edd.
2699 1864 2961 1929 Moretti
3022 1865 3210 1929 Ritus
3257 1864 3453 1929 dandi
3498 1887 3561 1949 p.
3597 1868 3721 1930 358

825 1991 886 2033 n.
927 1975 1002 2034 10
1072 1974 1139 2033 et
1206 1967 1473 2032 Galletti
1539 1967 1667 2032 Del
1733 1968 2074 2052 primicero
2141 1989 2205 2051 p.
2243 1970 2364 2033 188
2422 1990 2483 2032 ιι.
2518 1974 2585 2051 5,
2653 1967 2763 2032 ubi
2831 1976 3226 2033 memoratur
3287 1969 3426 2033 Leo
3492 1970 3723 2031 missus

826 2078 894 2136 et
938 2072 1386 2156 apocrisiarius
1440 2091 1731 2136 summae
1777 2071 1951 2136 sedis
1997 2070 2395 2155 apostolicae
2452 2077 2519 2136 et
2563 2069 2765 2135 abbas
2818 2071 3007 2136 huius
3051 2074 3455 2155 monasterii,
3512 2072 3724 2136 adhuc

828 2176 1001 2261 apud
1048 2176 1388 2241 ecclesiam
1435 2175 1812 2241 adservatur
1858 2174 1967 2259 (cf.
2015 2174 2192 2239 Gott.
2240 2175 2476 2240 Nachr.
2528 2179 2693 2241 1900
2739 2198 2800 2260 p.
2845 2175 3012 2262 135).

1032 2331 1085 2384 Δ
1141 2354 1205 2375 =
1243 2329 1394 2401 Orig.
1433 2329 1611 2385 Roma
1646 2330 1812 2385 Arch.
1851 2327 2161 2399 capitolare
2198 2327 2256 2383 di
2291 2327 2345 2384 S.
2369 2327 2551 2383 Maria
2587 2327 2646 2383 in
2683 2328 3030 2386 Trastevere.

1098 2420 1175 2451 1-³
1202 2441 1267 2463 =
1463 2417 1476 2428 ·

1035 2417 1093 2557 g
1146 2528 1210 2549 =
1249 2416 1422 2559 Lffig·
1449 2417 2005 2559 Ibinstrumentomm
2043 2503 2284 2574 capituli
2320 2522 2362 2559 s.
2387 2502 2603 2558 Mariae
2639 2503 3078 2574 Transtyberim‚
3115 2523 3156 2560 s.
3180 2504 3333 2571 XVI,
3372 2505 3448 2559 ib.

1036 2591 1120 2645 D¹
1142 2614 1206 2637 =
1244 2589 1522 2660 Onuphrii
1569 2589 1833 2645 Panvinii
1876 2590 1959 2645 De
1997 2589 2248 2646 ecclesiis
2284 2589 2437 2645 urbis
2491 2590 2717 2656 Romae,
2753 2610 2796 2645 s.
2822 2590 2979 2652 xvl.
3018 2591 3138 2646 cod.
3157 2590 3289 2647 Vat.
3326 2591 3428 2647 lat.
3453 2590 3620 2654 678ος
3659 2590 3724 2644 cf.
3800 2639 3805 2643 .

1246 2677 1399 2733 (ιω.
1439 2678 1645 2733 Nachr.
1685 2677 1820 2732 1903
1855 2696 1910 2748 p.
1942 2677 2023 2733 18.

1036 2765 1122 2819 12²
1143 2789 1209 2811 ==
1246 2765 1308 2819 Ο.
1329 2764 1595 2820 Panvinii
1628 2764 1896 2831 Schedae,
1931 2784 1972 2819 s.
2000 2764 2150 2831 XVI,
2186 2764 2364 2820 Roma
2396 2764 2560 2820 Arch.
2589 2764 2722 2820 Vat.
2748 2764 2905 2820 Misc.
2930 2765 3080 2821 Arm.
3106 2763 3209 2818 XV
3242 2766 3284 2819 t.
3313 2764 3439 2828 1283
3478 2764 3547 2819 cf.
3575 2764 3726 2819 Gott.

1248 2852 1457 2907 Nachr.
1494 2852 1624 2907 1901
1665 2869 1719 2922 p.
1744 2852 1795 2907 4.

1039 2938 1102 2992 E
1143 2961 1208 2985 =
1247 2938 1308 2993 P.
1328 2938 1387 2992 L.
1415 2937 1652 2993 Galletti
1690 2936 2109 2994 Chartularium
2152 2957 2195 2992 s.
2229 2936 2442 2993 Mariae
2486 2936 2932 3007 Transtyberim‚
2968 2956 3012 2992 s.
3038 2936 3251 3005 XVIII,
3308 2937 3428 2993 cod.
3454 2936 3588 2993 Vat.
3627 2937 3725 2991 lat.

1242 3024 1376 3083 8051
1417 3043 1471 3096 p.
1502 3024 1541 3079 1.
1570 3026 1647 3089 II;
1687 3026 1757 3080 cf.
1794 3026 2065 3096 Pflung.
2104 3026 2220 3082 Iter
2254 3045 2308 3096 p.
2336 3024 2451 3082 136.

1049 3165 1388 3242 Quaedam
1457 3165 1841 3231 documenta
1910 3187 1992 3231 ex
2052 3166 2311 3231 archivo
2368 3189 2416 3230 s.
2463 3166 2709 3230 Mariae
2756 3163 3220 3230 Transtiberim
3267 3165 3609 3259 exscripsit
3651 3163 3724 3227 P.

830 3274 906 3337 L.
951 3270 1220 3336 Galletti
1277 3272 1343 3334 in
1406 3269 1545 3334 cod.
1595 3270 1746 3335 Vat.
1793 3270 1904 3335 lat.
1939 3273 2137 3355 8044,
2207 3293 2256 3333 s.
2301 3268 2536 3335 XVIII
2595 3268 2704 3353 (cf.
2751 3267 2929 3333 Gott.
2976 3268 3212 3333 Nachr.
3267 3272 3428 3333 1903
3496 3290 3561 3353 p.
3595 3268 3725 3352 25).

830 3376 1164 3441 Adnotare
1211 3374 1488 3460 denique
1534 3376 1728 3460 iuvat,
1775 3374 1836 3439 N
1839 3375 2233 3460 ecrologium
2280 3375 2413 3439 sive
2460 3372 2991 3459 Martyrologium
3038 3373 3352 3438 ecclesiae
3397 3394 3447 3435 s.
3480 3372 3728 3437 Mariae

833 3479 1325 3562 Transtiberim,
1390 3499 1558 3543 saec.
1591 3479 1757 3564 XII,
1804 3479 1999 3544 hodie
2054 3479 2380 3543 adservari
2431 3476 2742 3562 Lonffini,
2802 3477 3044 3543 British
3111 3477 3433 3561 Museum‚
3501 3476 3726 3540 Addit.

832 3584 1153 3650 Manuscr.
1206 3586 1404 3648 14801
1459 3581 1568 3667 (cf.
1614 3582 1919 3648 Bresslau
1964 3583 2027 3646 in
2072 3582 2152 3647 N.
2184 3581 2427 3646 Archiv
2470 3581 2571 3645 XI
2615 3586 2697 3646 99
2724 3580 2867 3668 sq.).

836 3740 917 3804 *1
3278 3737 3644 3820 (422—32)

837 3844 1294 3912 Celestinus
1337 3845 1371 3908 I
1418 3842 1678 3909 dedicat
1721 3842 2052 3909 basilicam
2100 3843 2223 3909 Iuli
2270 3893 2284 3908 .
2321 3892 2335 3907 .
2383 3851 2530 3929 post
2573 3845 2789 3928 ignem
2836 3841 3157 3907 Geticum.

1045 3955 1230 4010 Laud.
1265 3956 1329 4009 in
1374 3955 1497 4010 Vita
1535 3955 1777 4010 celestini
1811 3957 1852 4010 Ι
1878 3955 2023 4023 (Lib.
2042 3955 2249 4025 pontif.
2276 3955 2358 4011 ed.
2384 3955 2667 4010 Duc-hasne
2703 3957 2742 4008 Ι
2769 3959 2899 4022 230,-
2934 3953 3233 4007 Mommsen
3260 3968 3320 4021 p.
3357 3954 3463 4021 94).
3500 3981 3569 3990 -
3608 3950 3729 4019 Βεῃ.

837 4044 961 4100 JK.
997 4072 1082 4098 —.

838 4166 921 4229 *2
3284 4160 3647 4242 (827—44)

842 4270 1280 4356 Gregorius
1325 4269 1423 4336 IV
1488 4271 1706 4354 „iuxta
1761 4270 1929 4334 latus
1974 4267 2279 4334 basilicae
2325 4267 2403 4352 (s.
2436 4268 2682 4334 Mariae
2729 4262 3222 4350 Transtiberim)
3270 4265 3729 4328 monasterium

842 4396 884 4438 a
927 4373 1359 4438 fundamentis
1412 4375 1636 4438 statuit
1697 4380 1764 4437 et
1822 4373 2000 4436 novis
2056 4370 2314 4436 fabricis
2381 4371 2727 4435 decoravit.
2830 4369 2908 4432 In
2966 4390 3094 4455 quo
3140 4369 3337 4433 etiam
3382 4365 3730 4431 monachos

843 4479 1184 4542 canonicos
1230 4477 1629 4563 adgregavit,
1678 4477 1786 4561 qui
1829 4475 1985 4539 inibi
2034 4475 2316 4540 officium
2365 4474 2652 4539 facerent
2697 4480 2764 4538 et
2808 4523 2822 4538 .
2861 4523 2874 4537 .
2922 4472 3149 4537 laudes
3195 4471 3424 4536 diebus
3466 4469 3731 4556 singulis

845 4586 912 4645 et
955 4582 1247 4646 noctibus
1291 4583 1649 4666 prosecutis
1696 4631 1710 4645 .
1745 4629 1761 4645 .
1808 4577 2288 4645 decantarent“.

1049 4692 1232 4750 Laud.
1266 4695 1330 4748 in
1377 4692 1504 4748 Vita
1549 4692 1788 4762 G-myorii
1823 4691 1920 4746 IV
1946 4691 2088 4761 (Lab.
2117 4691 2323 4761 pontif.
2358 4689 2438 4746 ed.
2474 4688 2765 4745 Duchesne
2803 4689 2872 4743 11
2906 4691 3013 4758 78).
3050 4717 3118 4728 -
3157 4687 3293 4757 Ray.
3317 4686 3428 4742 JE.
3466 4716 3552 4739 —.

845 4834 927 4897 *3
3164 4829 3333 4889 1114
3378 4826 3531 4893 mai.
3564 4827 3649 4887 10

843 4938 1150 5004 Nicolaus
1195 4959 1545 5024 yconomus
1590 4960 1639 5001 s.
1671 4935 1917 5002 Mariae
1948 4933 2432 5018 Transtiberim,
2479 4934 2916 4999 consentiente
2960 4930 3245 4996 Henrico
3280 4929 3491 5014 presb.
3538 4927 3731 5009 card„

843 5046 1041 5110 Petro
1087 5042 1478 5127 archipresb.
1512 5048 1656 5126 etc.‚
1702 5043 1875 5105 iussu
1919 5037 2325 5103 Paschalis
2354 5038 2441 5123 ΙΙ,
2487 5038 2662 5102 locat
2704 5037 2902 5102 Petro
2950 5044 3016 5101 et
3060 5034 3342 5099 Gnidoni
3386 5040 3454 5098 et
3497 5033 3731 5099 Cencio

845 5155 1122 5214 castrum
1176 5147 1567 5231 Ringianum
1623 5167 1765 5210 cum
1825 5142 2216 5228 appenditiis
2274 5143 2437 5226 suis,
2506 5163 2670 5227 quae
2736 5142 2950 5205 omnia
3018 5138 3305 5223 obligata
3373 5143 3558 5202 erant
3619 5156 3730 5221 pro

845 5274 1079 5340 guerra
1124 5251 1184 5317 d.
1232 5273 1340 5336 pp.
1388 5250 1740 5316 Paschalis.
