4065 6049
1363 460 1510 517 Eccl.
1547 479 1589 515 s.
1627 460 1781 517 Petri
1818 460 1876 515 in
1901 460 2197 517 Vaticano·
3100 468 3212 529 141

333 638 457 702 *27
2556 637 2787 718 (1123)
2832 642 3018 701 mart.
3050 636 3135 701 25

333 742 704 806 Calixtus
748 743 817 806 II
878 743 942 805 in
1007 741 1171 805 festo
1242 741 1743 805 annuntiationis
1800 740 1861 804 b.
1909 740 2155 805 Mariae
2211 760 2356 804 cum
2417 746 2552 804 toto
2615 740 2882 804 concilio
2938 740 3221 826 lapidem

332 847 551 910 altaris
595 846 658 911 b.
706 845 885 910 Petri
947 848 1101 910 satis
1146 846 1496 910 honorifice
1553 852 1620 910 et
1676 845 1909 909 devote
1955 851 2289 909 consecrat
2334 850 2399 908 et
2444 844 2739 909 concedit
2783 845 3222 910 remissionem

336 952 523 1015 trium
576 972 885 1015 annorum
934 950 1295 1014 annualiter
1338 949 1420 1014 ad
1470 971 1614 1014 cam
1662 950 1894 1013 devote
1941 947 2362 1013 venientibus.

536 1062 717 1117 Laud.
755 1080 792 1114 a
825 1062 981 1116 Petro
1019 1062 1216 1115 Mallio
1251 1076 1295 1116 c.
1323 1069 1357 1114 8
1400 1060 1569 1128 (sicut
1604 1059 1916 1115 invenimus
1952 1059 2012 1114 in
2050 1059 2210 1114 libris
2244 1058 2449 1115 nostris
2485 1059 2780 1130 scriptum)
2804 1064 2851 1113 et
2887 1078 2923 1113 a
2949 1059 3221 1127 Maphaeo

347 1148 501 1219 Veyi'o
536 1150 619 1205 lib.
647 1150 719 1204 11
745 1164 788 1203 c.
818 1156 852 1203 3
886 1149 981 1216 (cf.
1020 1148 1296 1203 Baronius
1330 1149 1482 1203 Arm.
1517 1146 1590 1201 ad
1623 1165 1675 1202 α.
1701 1156 1823 1202 1124
1859 1164 1902 1203 c.
1927 1154 1987 1215 6,-
2021 1146 2261 1202 Sinam
2289 1163 2352 1216 p.
2376 1148 2512 1215 139).
2548 1176 2616 1185 —
2656 1146 2783 1216 1³09.
2819 1145 2928 1201 JL.
2966 1177 3050 1201 —.

333 1322 457 1385 *28
2187 1320 2539 1404 (Laterano
2586 1323 2756 1386 1123
2798 1326 2985 1386 mart.
3016 1321 3133 1404 27)

334 1426 700 1491 calixtus
745 1428 813 1491 II
863 1427 1157 1492 concedit
1201 1428 1610 1512 privilegium
1660 1426 1782 1512 „de
1828 1427 2045 1492 littera
2076 1426 2487 1491 Verventana
2531 1426 2602 1508 (i.
2634 1447 2682 1490 e.
2730 1424 3214 1503 momentana,-

334 1532 416 1607 cs.
467 1530 725 1594 Marini
770 1531 932 1612 Pap.
979 1531 1130 1612 dipl.
1167 1553 1238 1612 p.
1270 1534 1400 1596 226
1443 1537 1571 1596 not.
1603 1534 1675 1615 3)
1721 1552 1916 1616 super
1960 1529 2267 1614 accepta“
2315 1531 2391 1612 (i.
2422 1551 2474 1593 c.
2521 1529 2990 1606 oblationibus).

546 1641 724 1696 Laud.
763 1642 825 1695 in
859 1643 1162 1696 immam-io
1196 1658 1333 1697 saec.
1363 1643 1462 1696 XI
1472 1642 1646 1695 V-X
1659 1642 1714 1696 V.
1754 1671 1820 1681 —
1862 1641 1989 1710 Req.
2026 1640 2383 1708 Schiaparclli
2416 1657 2471 1693 π.
2500 1647 2583 1700 34.
2620 1640 2733 1696 JL.
2773 1671 2854 1695 —.

712 1738 798 1792 Ad
848 1739 994 1794 hanc
1044 1756 1158 1793 rem
1209 1738 1551 1793 referendam
1597 1755 1716 1792 esse
1761 1740 1900 1806 puto
1953 1735 2221 1792 notitiam
2270 1734 2329 1789 in
2380 1735 2538 1791 Actis
2589 1734 2811 1791 concilii
2849 1734 2994 1802 (edd.
3033 1735 3215 1788 Mansi

538 1825 667 1880 XXI
701 1827 819 1881 281.
856 1826 985 1889 3ol;
1043 1826 1188 1880 Mon.
1230 1826 1412 1880 Germ.
1451 1824 1581 1894 Leg.
1620 1825 1669 1877 11
1712 1825 1812 1879 182
1848 1827 1906 1878 et
1944 1822 2181 1879 Constit.
2221 1823 2246 1876 Ι
2282 1824 2410 1885 574;
2464 1824 2642 1893 Regg.
2677 1822 2728 1877 J.
2764 1841 2820 1892 p.
2855 1821 2975 1876 543.
3063 1820 3160 1876 JL.
3199 1822 3224 1875 I

539 1930 593 1981 p.
630 1913 777 1980 810):
833 1912 1143 1967 calixtus
1178 1912 1231 1966 II
1269 1911 1338 1965 in
1376 1910 1678 1966 concilio
1714 1908 2107 1975 interdicit,
2145 1908 2538 1965 oblationes
2575 1910 2651 1963 de
2688 1908 2905 1962 altari
2943 1908 2996 1963 b.
3037 1907 3222 1963 Petri

542 2015 578 2051 a
615 1998 819 2053 laicis
854 1998 1125 2054 auferri.
1164 2031 1230 2039 -
1268 2000 1334 2053 cf.
1374 1998 1548 2054 etiam
1574 1998 1762 2053 Vitam
1802 1997 2011 2053 Calixti
2050 1997 2099 2053 11
2138 1996 2279 2064 (Lib.
2319 1996 2521 2067 pontif.
2547 1996 2632 2050 ed.
2657 1995 2949 2050 Duchesne
2987 1994 3037 2048 11
3072 1996 3222 2063 323):

541 2085 739 2141 fundos
774 2090 946 2154 atque
984 2086 1195 2141 casalia
1233 2087 1285 2140 b.
1323 2086 1491 2141 Petro
1527 2083 1774 2140 donavit.

329 2222 417 2283 29
2287 2223 2609 2288 Laterano
2656 2224 2827 2285 1138
2868 2223 3019 2286 mai.
3050 2221 3139 2284 23

333 2327 844 2393 Innocentius
874 2328 943 2392 II
988 2332 1310 2394 canonicis
1355 2353 1435 2395 ss.
1469 2330 1774 2413 Iohannis
1807 2337 1872 2394 et
1901 2329 2112 2413 Pauli,
2146 2351 2194 2393 s.
2228 2326 2507 2410 Martini,
2539 2350 2589 2391 s.
2622 2327 2932 2411 Stephani
2963 2327 3223 2390 maioris

335 2436 401 2494 et
446 2453 493 2495 s.
529 2432 840 2517 Stephani
885 2435 1147 2497 minoris
1191 2432 1275 2496 ad
1307 2433 1635 2496 servitium
1669 2432 1984 2495 ecclesiae
2031 2429 2092 2494 b.
2125 2430 2303 2494 Petri
2335 2429 2659 2514 deputatis
2691 2436 2841 2493 etc.:
2890 2429 3226 2494 confirmat

336 2533 641 2598 ecclesias
688 2543 755 2600 et
799 2538 1257 2621 possessiones,
1304 2536 1680 2600 nominatim
1727 2533 2143 2600 medietatem
2191 2532 2587 2597 oblationum
2633 2534 2853 2597 altaris
2896 2556 2945 2597 s.
2977 2533 3223 2599 Mariae

337 2646 402 2701 et
448 2641 922 2722 possessionum
969 2641 1284 2706 ecclesiae
1318 2664 1366 2704 a.
1399 2641 1645 2705 Mariae
1693 2641 1757 2703 in
1803 2639 2009 2718 Turri‚
2056 2637 2476 2702 medietatem
2524 2658 2781 2722 quoque
2828 2635 3224 2701 oblationum

335 2740 554 2806 altaris
608 2765 657 2807 s.
701 2742 1000 2829 Gregorii
1073 2750 1139 2808 et
1204 2743 1619 2809 ecclesiarum
1681 2766 1729 2807 s.
1774 2742 2081 2807 Iohannis
2148 2747 2213 2805 et
2275 2764 2325 2809 s.
2366 2741 2780 2807 Petronillae.
2843 2780 2926 2787 —-
2988 2741 3226 2825 Liquet

335 2844 645 2910 omnibus.
751 2847 893 2932 Ego
948 2847 1361 2913 Innocentius
1407 2853 1528 2912 etc.
1633 2846 1887 2911 Subscr.
1928 2850 2002 2911 16
2050 2845 2222 2910 card.
2282 2845 2431 2909 Dat.
2479 2847 2623 2909 Lat.
2672 2866 2734 2929 p.
2782 2865 2864 2908 m.
2910 2845 3223 2908 Aimerici

338 2948 402 3012 S.
436 2949 514 3014 R.
548 2949 622 3014 E.
672 2950 835 3015 diac.
881 2951 1053 3016 card.
1101 2958 1170 3017 et
1215 2973 1414 3037 canc.,
1468 2956 1544 3016 10
1590 2951 1720 3015 kal.
1767 2951 1918 3036 iun.‚
1963 2949 2093 3014 ind.
2133 2954 2188 3034 1,
2234 2950 2356 3013 inc.
2403 2949 2464 3014 d.
2512 2970 2569 3012 a.
2610 2951 2793 3032 1138,
2841 2953 3014 3034 pont.
3057 2968 3115 3011 v.
3158 2947 3220 3012 d.

335 3053 691 3144 Innocentii
737 3078 844 3141 pp.
878 3055 946 3119 II
992 3078 1049 3120 a.
1084 3059 1143 3121 9.

539 3167 609 3220 A.
648 3165 732 3236 [0
758 3167 801 3233 f.
836 3170 933 3223 42⁴.
1022 3169 1082 3223 D
1115 3168 1157 3234 f.
1209 3174 1312 3223 139.
1402 3167 1464 3222 F
1489 3169 1530 3235 f.
1566 3171 1666 3224 30¹.
1765 3167 1846 3221 Υι
1880 3167 1922 3233 s.
1963 3170 2058 3222 ἴθ’.
2099 3168 2173 3220 76’
2219 3170 2267 3219 et
2310 3165 2394 3219 Υ*
2429 3165 2471 3231 f.
2509 3171 2623 3220 270.
2657 3166 2769 3219 271’
2817 3165 2955 3218 Eoec.
2994 3165 3046 3217 Z
3076 3164 3115 3230 s.
3144 3167 3223 3218 23¹

333 3250 468 3306 Eme.
508 3253 562 3319 (8
598 3253 710 3308 kal.
752 3253 918 3323 iul.)].
966 3285 1030 3294 —
1077 3254 1221 3310 Edd.
1254 3255 1401 3310 Bull.
1441 3255 1556 3310 Vat.
1585 3256 1625 3309 I
1650 3263 1716 3308 46
1749 3270 1814 3308 m:
1846 3256 1898 3308 A
1941 3278 2005 3300 =
2049 3253 2240 3323 Miyne
2268 3252 2588 3306 CLXXIX
2622 3258 2725 3306 364
2761 3268 2815 3306 n.
2839 3258 2949 3306 317.
3040 3250 3225 3306 Sclua-

326 3339 524 3405 par-elli
559 3356 613 3393 π.
643 3347 711 3394 37
743 3355 811 3394 ex
844 3341 912 3394 A.
965 3371 1034 3381 —
1091 3341 1257 3412 Reyq.
1297 3342 1364 3397 P.
1389 3342 1621 3397 Mallius
1655 3358 1698 3396 c.
1723 3348 1772 3396 8.
1870 3341 2112 3409 Τουτίῃίο
2152 3343 2188 3372 ²·
2214 3343 2303 3407 *μ
2332 3347 2439 3394 149.
2464 3345 2574 3394 327.
2662 3339 2748 3392 De
2773 3338 2996 3408 Anyelis
3022 3355 3081 3406 p.
3112 3346 3221 3393 154.

336 3424 562 3478 Morem·
597 3425 763 3480 Ritus
788 3444 847 3496 p.
872 3435 953 3483 60.
1027 3427 1335 3482 cancellari
1370 3429 1436 3482 11
1469 3435 1610 3484 1057.
1681 3427 1736 3482 J.
1770 3434 1915 3483 5637.
1989 3427 2099 3481 JL.
2140 3433 2282 3481 7899.

332 3583 419 3642 30
2663 3585 2829 3645 1144
2875 3603 2917 3646 a
3007 3584 3140 3647 ,12

336 3685 436 3748 Ex
483 3685 741 3751 licentia
802 3693 868 3751 et
922 3689 1303 3753 auctoritate
1351 3688 1597 3773 (Lucii
1641 3687 1736 3773 II)
1782 3712 1888 3774 pp.
1983 3689 2260 3754 Cencius
2316 3693 2384 3752 et
2427 3687 2820 3771 Peregrinus
2866 3604 3225 3771 piieysbyteri

337 3796 404 3852 et
447 3788 682 3853 Petrus
727 3789 1041 3855 Guidonis
1106 3793 1395 3855 canonici
1452 3791 1811 3857 concedunt
1857 3792 2212 3858 Sarraceno
2260 3791 2559 3877 Gregorii
2624 3791 2706 3856 de
2751 3791 2924 3855 Oeca
2970 3790 3217 3855 medie-

337 3899 539 3956 tatem
586 3892 812 3958 domus
857 3897 1175 3960 terrineae
1224 3896 1585 3982 teguliciae.

711 4023 757 4061 v.
784 4006 1029 4060 chartam
1064 4023 1152 4074 ap.
1175 4007 1525 4078 Sclaiaparelli
1558 4024 1614 4062 π.
1641 4014 1726 4063 40.
1766 4037 1832 4046 -
1873 4007 1997 4077 1209.
2037 4007 2144 4063 JL.
2183 4038 2266 4062 —-.

333 4127 418 4185 31
2389 4129 2582 4210 Sequi
2623 4129 2858 4210 (1151)
2905 4126 3019 4191 iul.
3054 4129 3139 4189 13

336 4227 733 4314 Eugenius
778 4231 880 4296 III
926 4230 1281 4318 O(onrado)
1330 4231 1631 4298 Sabinen.
1679 4253 1804 4318 ep.,
1851 4232 2090 4297 vicario
2136 4233 2519 4318 apostolico:
2566 4231 2867 4316 mandat,·
2907 4236 3223 4316 quatenus

337 4332 421 4396 ad
483 4334 818 4400 ecclesiam
879 4335 939 4400 b.
972 4337 1151 4400 Petri
1207 4338 1504 4421 proxima
1571 4336 1889 4401 dominica
1935 4337 2133 4401 vadat
2198 4345 2266 4402 et
2330 4338 2393 4401 in
2462 4342 2809 4421 conspectu
2861 4334 3082 4419 populi
3139 4333 3222 4396 de

339 4443 566 4522 quarta
609 4446 793 4523 parte
851 4440 1244 4505 oblationum
1290 4441 1510 4505 altaris
1555 4440 1615 4505 b.
1649 4442 1828 4505 Petri
1875 4463 1914 4506 a
1960 4463 2103 4506 sese
2150 4442 2471 4506 canonicis
2515 4461 2821 4505 concessa
2865 4440 2977 4522 (cs.
3010 4459 3074 4503 n.
3105 4437 3218 4520 32)

338 4543 678 4606 canonicos
722 4545 896 4628 ipsos
941 4545 1258 4610 investiat.
1304 4585 1386 4592 —
1432 4545 1530 4610 Ea
1576 4567 1741 4630 quae
1786 4546 2019 4610 fienda.
2110 4545 2261 4609 Dat.
2310 4544 2569 4629 Signiae
2617 4549 2654 4611 3
2700 4544 2785 4608 id.
2833 4543 2941 4608 iul.

549 4654 605 4707 B
633 4670 762 4709 saec.
790 4655 923 4708 XII
951 4657 1014 4708 in
1049 4655 1162 4710 cod.
1201 4662 1294 4710 135
1334 4656 1380 4709 0
1407 4656 1452 4722 f.
1479 4664 1573 4710 127
1604 4657 1721 4712 bibl.
1755 4672 1798 4712 8.
1826 4656 1991 4711 Petri.
2030 4687 2095 4694 -—
2132 4656 2284 4711 Edd.
2325 4657 2466 4712 Gon.
2503 4656 2703 4711 Nae-lar.
2737 4661 2864 4710 1903
2889 4672 2949 4724 p.
2979 4659 3076 4708 563
3108 4669 3164 4705 n.
3188 4658 3223 4706 8

337 4755 402 4792 ex
426 4739 491 4794 Β.
565 4740 923 4810 Βώίαρατεῑῖἰ
958 4759 1014 4799 n.
1040 4749 1109 4798 43
1142 4758 1209 4797 ex
1245 4743 1309 4799 B.
1347 4773 1412 4783 —-
1451 4744 1580 4814 Req.
1616 4743 1725 4799 JL.
1765 4774 1846 4799 —.

335 4900 424 4960 32
2009 4902 2217 4967 Roma
2261 4901 2325 4969 S.
2360 4902 2578 4967 Pietro
2623 4901 2793 4964 1153
2836 4897 3009 4980 april
3053 4900 3135 4960 10

337 5004 546 5088 Euge
562 5005 726 5069 nius
770 5004 875 5069 III
919 5005 1251 5070 Bernardo
1285 5006 1495 5092 presb.
1537 5007 1709 5072 card.
1742 5029 1791 5070 s.
1825 5007 2179 5072 Clementis
2223 5013 2290 5072 et
2333 5005 2645 5072 ecclesiae
2691 5004 2752 5069 b.
2784 5003 2965 5069 Petri
3011 5000 3219 5067 archi-

337 5108 716 5193 presbytero
773 5116 968 5195 atque
1027 5113 1260 5176 ceteris
1304 5112 1592 5177 eiusdem
1639 5112 1952 5177 ecclesiae
1998 5113 2322 5177 canonicis
2366 5117 2516 5176 etc.:
2576 5109 2872 5176 concedit
2925 5112 3219 5194 quartam

338 5220 590 5297 partem
648 5216 932 5279 omnium
987 5214 1416 5300 oblationum,
1479 5238 1644 5302 quae
1706 5216 1786 5281 de
1847 5216 2035 5281 altari
2093 5215 2152 5280 b.
2186 5216 2367 5281 Petri
2412 5221 2478 5281 et
2524 5219 2654 5278 tam
2702 5213 2782 5278 de
2829 5234 2979 5277 arca
3025 5231 3220 5297 quam
