4065 6049
1479 481 1714 540 Romani
1751 484 1902 541 cives
1937 483 2162 555 singuli.
3141 488 3257 549 197

373 666 702 729 Romanos
745 666 942 728 ‘cives
1008 664 1374 747 respiciunt.
1485 661 1774 726 Maxima
1842 684 2064 727 eorum
2121 683 2271 747 pars
2327 661 2503 727 edita
2557 664 2686 726 iam
2746 658 2999 745 pridem
3056 658 3263 720 estin

375 771 558 835 Studi
606 793 642 835 e
690 770 1056 834 documenti
1103 768 1165 831 di
1214 769 1412 831 storia
1457 789 1492 831 e
1540 766 1758 830 diritto
1807 767 1956 831 dell’
2005 767 2403 833 Accademia
2448 767 2511 831 di
2561 767 2938 830 conferenze
2996 763 3261 825 storico-

373 876 729 961 giuridiche
777 897 834 938 a.
867 873 995 940 VII
1044 871 1299 959 (1886);
1364 894 1529 957 quac
1586 870 1864 935 nondum
1933 873 1997 936 in
2066 873 2274 938 lucem
2335 871 2736 957 prodierunt,
2804 870 3263 934 humanissimo

375 984 510 1047 viro
555 982 630 1045 L.
664 979 1086 1064 Schiaparelli
1134 978 1465 1044 debemus.

581 1152 636 1206 A
684 1175 748 1197 =
786 1150 939 1221 Orig.
978 1152 1156 1205 Roma
1192 1150 1352 1205 Arch.
1390 1148 1687 1205 Vaticano

582 1241 658 1293 Αι
690 1263 755 1284 --
793 1236 944 1309 Orig.
983 1236 1208 1292 Firenze
1244 1237 1409 1292 Arch.
1445 1235 1504 1290 di
1540 1240 1691 1292 stato
1726 1235 2105 1302 (Rocchettini
2143 1236 2203 1291 di
2240 1235 2493 1305 Fiesole).

379 1366 417 1425 1
2542 1360 2748 1425 Roma
2791 1359 2948 1442 (595
2993 1359 3174 1443 sept.)

377 1467 807 1550 Gregorius
855 1468 885 1530 Ι
930 1468 1276 1531 Montanae
1324 1472 1392 1530 et
1435 1465 1759 1529 Thomae:
1809 1486 1954 1547 eos,
2002 1463 2279 1527 famulos
2325 1464 2387 1528 S.
2421 1464 2500 1529 R.
2534 1465 2631 1548 E„
2679 1464 2919 1529 liberos
2963 1467 3263 1550 civesque

377 1571 707 1636 Romanos
752 1571 969 1636 efficit.

760 1718 809 1753 v.
839 1696 1193 1752 primicerius
1228 1702 1287 1753 et
1321 1695 1527 1751 notarii
1564 1696 1617 1749 S.
1644 1696 1708 1749 R.
1739 1696 1796 1749 Ε.
1832 1714 1886 1750 n.
1911 1695 1960 1750 3.
2001 1725 2063 1735 -
2112 1696 2180 1751 cf.
2213 1696 2614 1767 „Praeceptum
2653 1696 2961 1753 libertatis‘
3004 1700 3063 1753 in
3102 1699 3267 1754 Libro

583 1786 782 1841 diurno
818 1786 974 1840 form.
1001 1783 1238 1838 XXXIX
1277 1783 1382 1850 (ed.
1410 1782 1596 1837 Sickel
1633 1800 1686 1852 p.
1713 1783 1821 1849 29).

379 1932 424 1991 2
2863 1927 2992 1991 597
3034 1927 3145 1991 iul.

379 2031 801 2116 Gregorius
847 2033 880 2095 I
937 2032 1317 2097 Dominicae
1382 2034 1566 2095 uxori
1631 2032 1962 2095 Iohannis:
2034 2037 2284 2115 monet,
2354 2037 2425 2096 ut
2490 2030 2573 2095 ad
2642 1929 2979 2117 coniugem
3047 1927 3265 2097 veriire

379 2136 657 2200 festinet.
707 2176 788 2182 —
832 2136 1074 2200 Laetos
1120 2157 1235 2199 nos
1280 2142 1551 2201 vestrae.

588 2263 714 2331 Ray.
757 2264 909 2333 (ἵκῃ.
939 2265 977 2318 I
1011 2264 1095 2318 lib.
1131 2263 1253 2318 VII
1293 2280 1372 2332 ep.
1397 2272 1479 2320 34.
1534 2294 1599 2303 -
1660 2262 1805 2317 Echi.
1859 2263 1912 2317 S.
1949 2262 2197 2331 Grcyon‘i
2246 2263 2324 2317 Μ.
2372 2264 2502 2330 Opp.
2556 2261 2633 2317 od.
2682 2263 2871 2318 Maur.
2911 2265 2982 2318 ῙῙ
3021 2266 3108 2321 lib.
3155 2265 3276 2320 VII

381 2369 435 2406 n.
466 2359 547 2406 37.
621 2352 810 2405 Mansa·
851 2352 911 2405 X
949 2359 1010 2405 77
1040 2368 1095 2405 n.
1120 2357 1202 2406 34.
1284 2351 1471 2420 Miyne
1503 2349 1819 2405 LXXVII
1843 2357 1940 2405 896
1979 2367 2037 2406 n.
2060 2357 2154 2405 37.
2228 2350 2382 2404 Mon.
2412 2350 2589 2405 Germ.
2615 2350 2756 2419 Epp.
2797 2351 2830 2404 1
2861 2358 2975 2405 482.
3011 2381 3076 2391 -
3112 2351 3268 2422 Reyy.

382 2436 434 2493 J.
475 2447 605 2492 1115.
676 2438 790 2493 JE.
829 2446 978 2493 1480.

759 2534 1108 2589 Dominicam
1156 2532 1324 2588 fuisse
1376 2549 1599 2587 uxorem
1644 2531 1908 2587 Iohannis
1957 2532 2230 2602 praefecti
2267 2531 2457 2596 Urbis,
2504 2532 2601 2601 qui
2647 2531 2820 2589 etiam
2856 2531 2913 2586 in
2952 2531 3204 2600 Gregorii
3247 2532 3268 2586 1

586 2620 811 2691 registri
867 2620 966 2675 lib.
1012 2620 1088 2672 IX
1142 2637 1231 2689 ep.
1259 2620 1359 2674 116
1412 2619 1580 2685 (Mon.
1627 2618 1808 2674 Germ.
1852 2618 1994 2688 Epp.
2050 2618 2259 2689 11121)
2315 2620 2686 2685 memoratur,
2740 2620 2891 2674 recte
2950 2616 3270 2688 suspicatur

587 2707 900 2761 Hartmann
935 2706 971 2760 l.
999 2725 1045 2760 c.

382 2846 462 2906 *3
2854 2846 3152 2910 625—38

378 2948 765 3012 Honorius
811 2949 844 3012 I
887 2949 1257 3013 Dominico:
1319 2949 1492 3012 locat
1538 2955 1740 3012 terras
1786 2955 1854 3012 et
1896 2950 2119 3013 vineas
2174 2955 2240 3014 et
2294 2954 2482 3034 prata
2526 2948 2680 3013 foris
2724 2847 2977 3035 politam
3024 2844 3266 3015 Flaini-

379 3075 568 3118 neam
615 3074 817 3138 usque
863 3052 946 3119 ad
992 3060 1255 3138 pontem
1300 3054 1609 3118 Molvium
1657 3053 1772 3118 sub
1820 3075 2034 3118 annua
2078 3055 2387 3138 pensione
2437 3058 2518 3119 30
2564 3055 2681 3119 sol.
2729 3057 2886 3119 auri.

583 3181 871 3236 Deusdaloe
924 3183 1011 3238 lib.
1051 3183 1158 3237 ΙΙΙ
1203 3199 1245 3237 c.
1282 3189 1385 3237 209
1437 3183 1586 3250 (149)
1640 3197 1704 3235 cx
1751 3182 1977 3250 reyistro
2015 3181 2254 3236 Honor-ii
2305 3181 2443 3249 (edd.
2481 3182 2817 3237 Martinucci
2855 3201 2914 3251 p.
2942 3189 3065 3248 321,-
3125 3181 3278 3246 Wolf

381 3287 420 3322 r.
451 3269 697 3322 Glancdl
720 3287 777 3337 p.
807 3273 950 3339 364).
1038 3271 1271 3323 Albinus
1309 3271 1396 3324 lib.
1427 3269 1502 3323 X.
1576 3269 1802 3323 Cencius
1846 3269 1965 3322 Lib.
1999 3285 2136 3324 cens.
2173 3269 2224 3322 S.
2248 3268 2317 3323 R.
2344 3269 2413 3322 E.
2451 3285 2496 3323 c.
2526 3276 2581 3323 71
2628 3269 2732 3338 (αἱ.
2762 3268 3269 3323 Faba-Dumana

378 3356 411 3408 1
443 3362 540 3410 350
575 3359 754 3423 n.29).
792 3386 857 3395 —
896 3356 1051 3425 Rcyy.
1091 3357 1153 3411 J.
1192 3363 1326 3411 1576.
1397 3355 1510 3410 JE.
1547 3361 1695 3410 2032.

378 3498 418 3556 4
2700 3500 2873 3561 1072
2914 3497 3065 3561 mai.
3099 3498 3183 3559 18

378 3598 861 3665 Alexander
916 3601 982 3664 II
1051 3600 1358 3665 Alberico
1435 3601 1569 3665 filio
1646 3600 1969 3685 quondam
2039 3601 2216 3665 Petri
2279 3621 2463 3685 cogn.
2519 3600 2691 3666 Cece
2751 3609 2902 3665 etc.:
2973 3599 3270 3665 concedit

382 3702 594 3766 locum
641 3703 963 3786 quendam
1010 3709 1076 3768 et
1119 3703 1590 3789 aquaeductum
1638 3728 1698 3791 q.
1733 3727 1790 3769 v.
1824 3704 2166 3769 Fossatum
2212 3707 2404 3768 situm
2449 3705 2604 3769 foris
2650 3727 2865 3769 muros
2895 3705 3089 3770 Urbis
3119 3709 3268 3769 ante

379 3814 632 3892 portam
664 3808 984 3873 Latinam.
1035 3849 1114 3855 —
1162 3810 1238 3873 In
1269 3812 1526 3874 nomine
1556 3810 1837 3875 Domini.
1929 3810 2073 3894 Ego
2105 3809 2481 3874 Alexander
2510 3817 2631 3874 etc.
2723 3809 2857 3874 Scr.
2891 3831 2930 3873 a
2960 3809 3267 3874 Rainerio

381 3935 430 3975 s.
476 3912 602 3995 pal.
652 3913 837 3976 scrin.
886 3934 961 3977 ac
1009 3919 1161 3997 not.,
1207 3935 1265 3977 a.
1312 3920 1486 3997 pont.
1529 3919 1622 3998 ll,
1670 3914 1799 3978 ind.
1840 3920 1936 3997 10,
1982 3936 2066 3979 m.
2116 3912 2315 3979 madii
2361 3914 2466 3979 die
2521 3917 2613 3979 18.

588 4040 680 4094 Δὶ.
735 4070 801 4080 -
854 4039 961 4096 Ed.
999 4040 1266 4111 Pfluych.
1305 4042 1448 4096 Acta
1485 4041 1560 4095 11
1589 4049 1684 4096 117
1712 4058 1769 4098 n.
1797 4047 1894 4096 152
1928 4057 1993 4096 m:
2028 4043 2125 4097 A2.
2174 4073 2242 4082 —
2297 4041 2456 4113 Rqu.
2494 4042 2931 4097 Kallenbnmner
2963 4042 3025 4095 in
3062 4041 3272 4095 Wiener

383 4125 498 4180 SB.
539 4126 740 4180 XCIV
771 4133 884 4192 633,
921 4128 1017 4195 qui
1049 4127 1194 4182 hanc
1227 4127 1425 4181 bullam
1459 4128 1703 4197 spuriam
1737 4145 1843 4183 esse
1876 4127 2236 4197 imprudenter
2267 4130 2592 4198 suspicatur.
2660 4129 2770 4185 JL.
2806 4138 2957 4184 4706.

761 4225 880 4279 Hoc
915 4224 1275 4296 privilegium
1313 4244 1423 4282 una
1460 4245 1584 4282 eum
1622 4226 1987 4298 proprietate,
2026 4228 2095 4282 de
2131 4246 2245 4296 qua
2279 4226 2493 4299 agitur,
2539 4228 2613 4283 ad
2660 4225 3004 4282 tabularium
3040 4224 3267 4280 canoni-

593 4328 780 4366 corum
834 4311 1102 4369 basilicae
1157 4313 1655 4369 Constantinianae
1710 4313 2029 4384 pervenisse
2079 4313 2232 4369 haud
2284 4315 2516 4371 dubium
2564 4318 2665 4372 est.
2757 4313 2917 4380 Quod
2970 4331 3095 4368 cum
3140 4312 3270 4368 aliis

593 4398 803 4453 chartis
849 4399 922 4454 ad
967 4399 1259 4455 archivum
1296 4400 1688 4457 canonicorum
1724 4401 2183 4458 Lateranensium
2218 4402 2494 4471 Faesulis,
2543 4401 2818 4458 nescimus
2853 4417 2964 4470 quo
3001 4403 3269 4470 tempore,

595 4485 862 4541 transivit
914 4492 1087 4556 atque
1141 4489 1269 4543 inde
1324 4488 1382 4543 in
1437 4487 1783 4559 reipublicae
1828 4489 2121 4543 archivum
2170 4488 2571 4545 Florentinum.
2682 4489 2787 4543 Pro
2834 4489 2988 4542 certo
3029 4485 3269 4554 denique

591 4571 876 4637 habemus,
913 4574 1083 4629 istum
1121 4575 1437 4630 Albericum
1474 4575 1710 4630 eundem
1747 4574 1915 4630 fuisse
1950 4577 2123 4643 atque
2149 4574 2441 4631 Albericus
2475 4574 2572 4630 ille
2607 4576 2676 4630 de
2704 4575 2869 4632 Petro
2900 4573 3096 4629 Leonis
3123 4572 3268 4636 Cice,

591 4657 688 4726 qui
727 4657 871 4714 inter
909 4664 1081 4716 testes
1117 4661 1177 4715 in
1203 4661 1519 4717 Mathildae
1558 4660 1876 4716 comitissae
1901 4661 2266 4717 celeberrimo
2291 4664 2630 4718 testamento
2663 4663 2753 4729 (cs.
2781 4661 2983 4718 Fedcle
3020 4659 3079 4714 in
3104 4660 3268 4714 Arch.

591 4743 744 4799 della
779 4747 897 4801 Soc.
937 4746 1093 4803 Rom.
1132 4747 1344 4801 XXVII
1378 4748 1481 4802 417
1504 4748 1606 4817 sq.)
1659 4752 1720 4804 et
1773 4746 1830 4801 in
1883 4746 2139 4818 Gregorii
2189 4747 2290 4802 filii
2336 4747 2590 4818 Gregorii
2641 4748 2711 4804 de
2765 4746 3022 4803 Alberico
3070 4745 3268 4801 Roma-

590 4848 781 4885 norum
837 4832 1113 4888 senatoris
1166 4833 1425 4888 chartula
1476 4852 1527 4887 a.
1557 4834 1692 4890 1068
1746 4833 1855 4889 reb.
1887 4835 1949 4890 18
2003 4852 2105 4905 pro
2160 4851 2307 4890 mon.
2357 4833 2643 4889 Casinensi
2696 4834 2803 4901 (ed.
2841 4833 3078 4889 Gattula
3122 4831 3267 4886 Hist.

591 4918 801 4973 Cassin.
841 4937 893 4988 p.
921 4919 1046 4989 234)
1081 4921 1338 4975 occurrit.
1411 4919 1569 4974 Hunc
1606 4918 1928 4976 Albericum
1965 4921 2140 4977 filium
2176 4920 2441 4976 habuisse
2478 4921 2701 4976 Petrum
2729 4921 2965 4985 nomine,
3002 4939 3068 4975 ex
3104 4919 3270 4975 docu-

591 5009 779 5060 mento
816 5008 1058 5074 quodam
1105 5027 1155 5062 a.
1186 5009 1320 5063 1140
1366 5009 1476 5063 ian.
1502 5009 1536 5062 4
1573 5007 1970 5077 comperimus,
2007 5027 2118 5078 quo
2166 5010 2434 5080 Purpura,
2483 5007 2683 5064 relicta
2721 5006 2889 5062 vidua
2926 5025 2963 5061 a
3002 5007 3163 5061 Petro
3199 5004 3269 5059 de

594 5090 851 5147 Alberico
907 5093 1105 5148 Leonis
1161 5094 1325 5160 Cece,
1388 5095 1526 5149 duas
1579 5093 1826 5164 perticas
1890 5094 1956 5149 de
2030 5098 2179 5150 terra
2230 5092 2627 5152 sementaricia
2679 5112 2793 5163 pos.
2852 5093 2985 5148 foris
3047 5094 3269 5163 portam

591 5198 632 5233 s.
654 5179 917 5234 Iohannis
943 5181 992 5234 N
999 5180 1180 5236 icolao
1205 5181 1546 5252 archipresb.
1571 5199 1613 5235 s.
1641 5179 1852 5235 Mariae
1877 5179 2072 5235 Novae
2094 5181 2342 5236 vendidit
2368 5181 2538 5248 (laud.
2565 5198 2601 5235 a
2629 5179 2827 5234 chcle
2852 5178 2910 5233 in
2935 5179 3098 5233 Arch.
3117 5178 3270 5234 della

597 5268 715 5321 Soc.
755 5266 909 5323 Rom.
949 5267 1130 5324 XXIV
1160 5269 1257 5325 186
1293 5288 1344 5325 n.
1371 5271 1467 5334 50;
1505 5270 1690 5325 textus
1714 5267 1932 5340 integer
1955 5266 2240 5325 invenitur
2273 5267 2331 5323 in
2358 5269 2476 5327 cod.
2504 5267 2632 5326 vat.
2659 5267 2758 5326 lat.
2783 5266 2921 5324 8043
2956 5286 3011 5344 p.
3038 5265 3063 5319 l
3100 5267 3136 5322 f.
3163 5270 3268 5348 70).
