4065 6049
994 477 1142 534 Eccl.
1179 496 1220 535 s.
1257 477 1561 535 Clementis
1598 510 1663 519 —
1700 477 1847 535 Eccl.
1884 497 1952 534 ss.
1979 478 2236 535 Silvestri
2274 482 2333 535 et
2368 478 2615 536 Martini.
3161 487 3244 546 45

896 943 1219 1012 Ecclesia
1262 960 1358 1011 ss.
1388 942 1727 1014 silvestri
1771 946 1850 1011 et
1893 945 2190 1013 Hartiui
2234 946 2355 1013 tit.
2400 945 2699 1028 Equitn.

1416 1064 1555 1135 (San
1589 1065 1834 1121 Martino
1869 1066 1927 1121 ai
1963 1066 2186 1136 Monti.)

560 1221 825 1293 Ugonio
860 1222 1109 1291 f.249sq‚
1136 1252 1202 1262 -
1228 1221 1583 1278 Panciroli
1627 1226 1641 1257 ¹
1670 1242 1724 1293 p.
1747 1224 1968 1292 618sq.;
2011 1226 2031 1255 ²
2056 1242 2112 1293 p.
2132 1224 2324 1292 217sq.
2353 1255 2413 1263 -
2442 1223 2589 1279 G.A.
2611 1223 2952 1295 Filippini
2975 1224 3249 1283 Ristretto

262 1376 269 1381 ,
351 1309 410 1363 di
448 1312 604 1365 tutto
640 1309 832 1379 quello
869 1310 971 1365 che
1007 1308 1342 1381 appartiene
1378 1310 1473 1365 all'
1510 1309 1795 1366 antichita
1831 1328 1861 1366 e
1900 1310 2258 1366 veneratione
2283 1310 2433 1366 della
2468 1309 2659 1367 chiesa
2683 1309 2767 1366 de'
2804 1311 2956 1366 sant-i
2981 1310 3249 1369 Silvestro

348 1413 381 1450 e
418 1395 666 1451 Mai-tino
690 1397 775 1452 de’
799 1395 981 1453 Monti
1006 1397 1064 1451 di
1092 1397 1268 1451 Roma
1301 1397 1389 1466 (In
1422 1397 1595 1453 Roma
1623 1397 1794 1466 1639).
1832 1428 1896 1438 —
1934 1397 2326 1453 Martinelli
2363 1416 2417 1467 p.
2445 1398 2563 1452 255.
2591 1428 2655 1437 --
2693 1395 2906 1452 Lubin
2943 1416 2999 1468 p.
3024 1398 3145 1455 345.
3183 1431 3248 1440 —

352 1481 593 1537 Piazza
628 1501 684 1553 p.
708 1483 808 1537 421
836 1501 916 1551 sq.
955 1513 1020 1524 —
1065 1482 1299 1552 Nibby
1335 1483 1361 1536 1
1387 1483 1490 1538 543
1514 1502 1596 1552 sq.
1633 1514 1698 1523 —
1744 1483 2059 1540 Porcella
2096 1484 2173 1537 IV
2199 1483 2336 1553 3sq.
2378 1514 2437 1524 —
2491 1482 2804 1539 Adinolfi
2844 1484 2896 1537 II
2925 1486 3019 1540 121
3047 1504 3129 1555 sq.
3186 1516 3247 1525 —

351 1568 719 1624 Armellini
779 1572 876 1640 ¹p.
911 1571 1043 1635 459;
1092 1572 1194 1640 ἰ).
1219 1570 1338 1625 214.
1392 1600 1457 1611 —
1511 1570 1572 1626 P.
1612 1570 1932 1640 Pouyard
1970 1571 1994 1624 1
2037 1570 2381 1627 monumenti
2425 1570 2683 1627 esistenti
2733 1570 2792 1624 in
2838 1570 2892 1627 S.
2922 1572 3170 1629 Martino
3218 1589 3250 1628 e

348 1656 615 1712 memorie
650 1655 1136 1714 interino-aritiens
1172 1655 1325 1713 della
1361 1656 1553 1713 chiesa
1587 1657 1673 1713 de’
1700 1657 1789 1713 SS.
1815 1655 2082 1714 Silvestre
2110 1675 2141 1713 e
2168 1657 2411 1712 Mai-tino
2434 1656 2585 1727 (Non
2613 1656 2769 1726 vidi).
2796 1689 2861 1699 —
2897 1658 3250 1714 Marucchi

350 1760 407 1812 p.
429 1743 534 1799 319
547 1760 628 1812 sq.

566 1917 809 2005 Equitii
865 1917 1086 1984 titulus
1153 1916 1265 2004 (cf.
1311 1918 1656 1986 Duchesne
1724 1921 1789 1984 in
1868 1920 2205 2004 Melanges
2264 1919 2397 1984 VII
2439 1918 2597 2006 222)
2662 1920 2854 1985 valde
2923 1922 3246 2007 antiquus,

351 2026 591 2111 quippe
637 2025 1006 2089 nominatur
1049 2045 1217 2090 saec.
1252 2024 1310 2088 V
1360 2046 1493 2109 ex„
1554 2025 1846 2091 conditus
1891 2024 2041 2108 fuit,
2088 2032 2158 2089 ut
2201 2032 2421 2090 narrat
2464 2025 2620 2090 Vita
2664 2022 2991 2109 Silvestri,
3037 2047 3076 2090 a
3121 2024 3246 2090 Sil-

349 2136 566 2194 vestro
613 2128 647 2192 Ι
703 2127 791 2213 (n.
841 2128 939 2214 1);
1008 2128 1431 2213 Symmachus
1488 2130 1727 2195 adiecit
1794 2130 2134 2196 ecclesiam
2180 2129 2242 2194 b.
2283 2130 2541 2195 Martini
2587 2128 2676 2214 (n.
2704 2129 2793 2215 2).
2883 2128 3031 2195 Hae
3077 2131 3246 2196 duae

349 2234 663 2299 ecclesiae
703 2233 1259 2319 distinguebantur
1299 2236 1647 2299 etiamtunc
1685 2233 2002 2299 Hadriani
2036 2236 2068 2297 I
2124 2233 2541 2320 temporibus,
2587 2233 2704 2299 sed
2749 2235 2877 2298 iam
2924 2255 3093 2300 saec.
3126 2233 3245 2317 IX,

351 2344 681 2423 tamquam
730 2358 878 2420 una,
924 2338 1179 2402 nomine
1226 2360 1307 2400 ss.
1344 2337 1633 2404 Silvestri
1680 2348 1747 2403 et
1790 2339 2052 2403 Martini
2098 2341 2193 2402 tit.
2226 2338 2467 2423 Equitii
2513 2339 2921 2404 inveniuntur
2964 2337 3075 2423 (cf.
3105 2337 3244 2403 Du-

353 2442 589 2507 chesne
636 2441 780 2506 Lib.
814 2442 1038 2525 pontif.
1072 2441 1106 2505 Ι
1137 2445 1260 2507 267
1310 2450 1439 2506 not.
1476 2443 1607 2529 35).
1678 2443 1929 2508 Titulus
1973 2465 2014 2508 a
2046 2445 2267 2508 Leone
2300 2444 2404 2507 III
2448 2449 2732 2508 mutatus
2775 2444 2840 2507 in
2885 2443 3245 2509 diaconiam

352 2545 465 2631 (cf.
512 2547 555 2610 l.
602 2569 655 2611 c.
702 2546 769 2609 Π
815 2551 889 2611 41
953 2553 1082 2611 not.
1123 2546 1264 2632 64),
1324 2547 1534 2612 denuo
1595 2548 1715 2612 fuit
1768 2550 2119 2613 restitutus.
2211 2549 2389 2612 Inter
2456 2549 2593 2612 eius
2657 2545 3248 2632 archipresbyteros

350 2652 664 2716 memoria
710 2651 940 2737 dignus
985 2649 1248 2736 Sergius
1294 2651 1363 2714 II
1416 2650 1487 2736 (1.
1522 2674 1574 2715 c.
1623 2652 2051 2738 1186m87).
2139 2652 2495 2717 Ecclesiam
2543 2653 2919 2717 instauravit
2963 2650 3245 2715 Hadria-

349 2776 470 2819 nus
515 2756 548 2819 Ι
592 2754 665 2841 (l.
698 2777 751 2821 c.
784 2755 818 2819 Ι
849 2755 1153 2841 505-7),
1200 2757 1430 2821 iterum
1462 2758 1796 2821 renovavit
1826 2764 1891 2821 et
1920 2758 1985 2821 in
2016 2757 2352 2822 meliorem
2383 2757 2591 2821 erexit
2621 2762 2858 2820 statum
2888 2754 3150 2841 Sergius
3181 2754 3249 2818 II

348 2857 421 2941 (l.
456 2879 509 2923 c.
558 2858 625 2922 Π
659 2858 795 2945 93),
841 2860 1064 2924 Leone
1112 2860 1207 2924 IV
1252 2881 1389 2925 rem
1438 2860 1808 2945 perficiente
1854 2860 1924 2946 (1.
1958 2884 2011 2925 c.
2060 2861 2127 2924 II
2166 2861 2335 2947 131).
2410 2860 2714 2925 Ditarunt
2756 2861 2892 2925 Leo
2940 2858 3044 2924 III
3090 2857 3161 2945 (l.
3193 2879 3247 2922 c.

350 2961 418 3026 II
456 2965 553 3027 12.
587 2966 688 3027 22.
722 2961 855 3050 25),
902 2962 1255 3050 Gregorius
1300 2965 1397 3030 IV
1444 2963 1515 3050 (l.
1549 2987 1601 3032 c.
1636 2964 1703 3029 II
1737 2964 1867 3051 76),
1915 2964 2179 3050 Sergius
2210 2964 2277 3029 11
2323 2963 2393 3050 (1.
2430 2986 2482 3029 c.
2534 2964 2598 3028 II
2631 2964 2935 3051 92-97)‚
2981 2964 3118 3030 Leo
3153 2962 3250 3027 IV

348 3066 420 3151 (l.
455 3088 508 3131 c.
557 3067 625 3130 Π
675 3067 844 3153 131).
935 3069 1395 3134 Monasterium
1444 3090 1644 3155 penes
1690 3069 2048 3153 basilicam,
2105 3071 2517 3134 constitutum
2573 3090 2611 3132 a
2666 3068 2894 3153 Sergio
2941 3067 3010 3132 II
3054 3066 3144 3151 (n.
3179 3066 3249 3152 5)

351 3179 417 3236 et
448 3172 839 3256 completum
873 3193 912 3236 a
942 3173 1166 3237 Leone
1199 3173 1295 3237 IV
1326 3172 1414 3258 (n.
1450 3173 1540 3259 6),
1596 3175 1997 3239 incoluerunt
2026 3175 2235 3257 primo
2266 3172 2564 3237 monachi
2594 3172 2832 3258 graeci,
2879 3191 3046 3236 saec.
3078 3170 3250 3234 XIII

351 3274 568 3340 clerici
608 3277 993 3360 saeculares,
1040 3287 1108 3341 et
1151 3276 1267 3341 sub
1296 3277 1623 3342 Bonifatio
1655 3277 1823 3342 VIII
1866 3277 2164 3342 monachi
2196 3277 2607 3359 Carmelitae,
2661 3278 2769 3360 qui
2814 3277 3008 3340 etiam
3054 3273 3249 3339 hodie

352 3386 595 3444 tenent.
694 3379 989 3445 Ecclesia
1034 3380 1245 3445 adhuc
1290 3382 1510 3445 titulus
1554 3381 2031 3466 presbyteralis.

568 3570 790 3635 Pauca
834 3592 1000 3656 quae
1031 3577 1476 3635 remanserunt
1506 3571 1892 3637 documenta
1922 3572 2309 3636 transierunt
2354 3592 2412 3634 a.
2453 3573 2615 3635 1873
2664 3569 2746 3633 ad
2792 3568 2871 3634 R.
2919 3568 3247 3632 archivum

355 3672 718 3739 Romanum
774 3673 1014 3759 (Roma
1059 3673 1255 3738 Arch.
1312 3672 1377 3737 di
1434 3682 1630 3758 stato,
1685 3675 2104 3741 Carmelitani
2162 3674 2267 3739 dei
2323 3673 2435 3738 SS.
2480 3673 2788 3738 Silvestro
2843 3694 2879 3738 e
2942 3670 3250 3756 Martino)

353 3778 463 3862 (cf.
510 3776 690 3843 Gott.
724 3777 960 3842 Nachr.
1000 3781 1155 3842 1901
1211 3799 1272 3861 p.
1306 3778 1481 3864 241).
1573 3777 1702 3843 Sed
1748 3780 2112 3864 antiquiora
2159 3779 2416 3842 omnino
2463 3776 2927 3842 desiderantur.

352 4020 431 4082 *1
2828 4017 3128 4079 314—35

354 4124 734 4191 Silvester
778 4124 812 4188 Ι
861 4124 1055 4209 „fecit
1098 4124 1164 4187 in
1208 4124 1542 4209 praedium
1590 4125 1919 4190 cuiusdam
1964 4123 2325 4209 presbyteri
2378 4122 2474 4187 sui
2523 4122 2630 4207 qui
2676 4018 3250 4207 cogsiominabgtur
3329 4153 3332 4154 ⁷

355 4226 669 4314 Equitius,
716 4247 909 4313 quem
962 4227 1214 4293 titulum
1260 4228 1624 4294 Romanum
1670 4230 2016 4312 constituit,
2063 4229 2243 4293 iuxta
2289 4235 2526 4292 termas
2556 4224 2982 4308 Domitianas,
3027 4222 3136 4288 ubi
3182 4231 3250 4288 et

356 4332 524 4397 dona
569 4331 666 4418 (et
710 4331 972 4417 fundos)
1018 4332 1406 4397 constituit“.

560 4485 746 4541 Laud.
783 4487 846 4539 in
892 4485 1017 4540 Vita
1051 4485 1286 4541 Silvam
1322 4487 1362 4540 I
1398 4487 1544 4555 (Lib.
1574 4487 1775 4557 pontif.
1813 4486 1891 4541 ed.
1930 4485 2209 4539 Duchesne
2247 4485 2413 4540 1170.
2449 4490 2570 4550 187,-
2603 4482 2675 4552 cs.
2704 4481 2884 4551 praef.
2912 4498 2972 4551 p.
3004 4480 3170 4536 CLI]
3200 4486 3250 4535 ct

355 4573 654 4628 anmscn
681 4581 841 4642 1247.
873 4576 969 4643 71).
1006 4602 1063 4613 -
1115 4572 1243 4645 Ray.
1268 4573 1384 4630 JK.
1423 4607 1506 4630 —.

353 4802 388 4840 ι
2787 4794 3132 4858 498-514

355 4803 853 4993 825mmachus
902 4906 1002 4992 „b.
1034 4906 1293 4972 Martini
1324 4904 1661 4971 ecclesiam
1694 4904 1874 4969 iuxta
1918 4925 1967 4967 s.
2001 4901 2376 4968 Silvestrem
2404 4899 2685 4965 Palatini
2730 4794 2838 4962 iffi.
2872 4917 2928 4961 v.
2961 4796 3249 4982 pecuniis

356 5011 675 5077 fabricans
718 5017 785 5076 et
828 5031 1167 5095 exornans,
1215 5031 1293 5075 eo
1338 5010 1479 5094 ipso
1525 5010 1801 5073 instante
1847 5006 2231 5072 dedicavit“.

563 5165 785 5236 noym.
813 5165 1259 5221 Laurentiamm
1304 5170 1398 5232 (ex
1432 5163 1544 5218 cod.
1580 5162 1769 5219 Veron.
1806 5161 2005 5217 XXII
2027 5177 2070 5216 s.
2097 5161 2204 5230 1⁷1)
2238 5160 2360 5217 cdd.
2396 5158 2673 5214 Duchesne
2709 5156 2829 5212 Lib.
2860 5154 3065 5225 pontif.
3092 5157 3248 5221 146;

358 5252 651 5309 umen
677 5270 737 5322 p.
765 5251 851 5318 X‚·
884 5256 954 5323 cf.
991 5249 1266 5306 Dudum
1291 5248 1479 5320 12o2‚·
1517 5252 1812 5306 Mommsen
1839 5266 1899 5318 p.
1923 5254 2032 5304 124.
2071 5278 2136 5289 —
2175 5247 2300 5317 1³09.
2338 5244 2462 5302 JK.
2501 5275 2582 5299 —.
