4065 6049
783 460 1186 518 Coemeterium
1222 482 1265 518 s.
1293 462 1614 517 Nicomedis
1650 492 1714 501 -
1753 462 1898 516 Mon.
1935 480 2005 515 ss.
2042 460 2276 530 Agnetis
2312 462 2371 515 et
2406 456 2786 515 Constantine.
3110 463 3231 525 159

574 637 630 690 Β
666 660 730 682 ---
771 636 905 705 Cop.
944 636 1018 691 ib.

573 722 619 774 Ο
652 746 714 767 -=
756 723 1132 777 Instrumenta
1168 726 1298 776 acta
1334 722 1665 777 donationes
1702 727 1760 776 et
1797 720 2103 791 privilegia
2140 721 2210 775 ad
2250 721 2548 776 canonicos
2584 720 2865 790 regulares
2902 737 2943 773 S.
2972 718 3122 772 Petri
3161 719 3232 771 ad

756 808 998 863 Vincula
1051 814 1109 863 et
1157 829 1199 862 s.
1236 809 1521 863 Laurentii
1575 813 1734 863 extra
1770 826 1954 862 muros
2003 808 2072 861 de
2121 807 2269 861 Urbe
2320 806 2641 877 spectantia
2680 806 2786 861 vol.
2816 807 2861 869 1,
2912 809 3059 859 auct.
3112 805 3231 857 Inn.

752 895 1082 965 Gigliucci0‚
1121 913 1170 949 a.
1199 895 1349 960 1681,
1387 894 1462 948 ib.

559 983 616 1036 D
656 1006 718 1026 =
761 982 932 1037 Varia
966 982 1037 1035 ad
1074 1002 1143 1035 ss.
1169 982 1405 1052 Agnetis
1442 986 1500 1037 et
1537 982 1898 1036 Constantiae
1937 986 1994 1035 et
2030 1000 2073 1036 3.
2109 980 2395 1036 Laurentii
2448 978 2771 1049 spectantia
2808 995 2842 1031 a
2881 978 3048 1033 Mich.
3087 979 3230 1048 Aug.

756 1068 1096 1122 Monsacrati
1137 1070 1390 1133 collecta,
1428 1089 1469 1123 s.
1496 1069 1698 1133 XVIII,
1736 1070 1809 1124 ib.

561 1155 619 1208 Ε
651 1178 716 1201 =
753 1155 816 1209 G.
844 1154 1165 1209 Terribilini
1213 1156 1423 1211 Schede
1471 1155 1820 1225 rignardanti
1874 1155 1926 1209 le
1972 1153 2158 1209 chiese
2206 1154 2261 1207 di
2310 1156 2512 1218 Roma,
2550 1174 2591 1207 s.
2620 1154 2832 1216 XVIII,
2876 1154 3049 1207 Roma
3088 1152 3233 1207 Bibl.

754 1241 1012 1296 Casanat.
1039 1242 1177 1298 2178
1214 1243 1339 1311 (XX
1376 1244 1454 1296 XI
1493 1246 1576 1312 2);
1616 1244 1683 1298 cf.
1711 1244 1863 1297 Gott.
1892 1243 2098 1296 Nachr.
2130 1243 2262 1298 1903
2299 1260 2354 1311 p.
2382 1243 2497 1297 120.

571 1329 630 1382 F
662 1353 725 1375 =
763 1330 821 1383 P.
845 1330 901 1384 L.
929 1329 1165 1384 Galletti
1194 1330 1554 1385 Miscellanea
1579 1331 1687 1385 vol.
1712 1331 1804 1395 IX,
1842 1348 1883 1383 3.
1905 1329 2107 1393 XVIII,
2134 1329 2252 1383 cod.
2282 1329 2408 1383 vat.
2437 1330 2537 1383 lat.
2564 1329 2727 1393 7930;
2765 1328 2834 1381 cf.
2852 1327 3006 1381 Gott.
3029 1327 3232 1381 Nachr.

758 1416 888 1470 1903
925 1434 977 1485 p.
1002 1416 1085 1470 23.

345 1559 379 1620 1
2933 1591 3020 1599 .-
3068 1596 3149 1601 -

342 1660 831 1748 [Benedictus
877 1660 975 1724 IX
992 1659 1045 1746 ἲ]
1095 1661 1428 1724 confirmat
1460 1659 1805 1723 canonicae
1853 1681 1934 1722 ss.
1968 1657 2243 1742 Agnetis
2289 1664 2354 1722 et
2393 1658 2806 1723 ConstantIae
2852 1659 2914 1722 in
2961 1660 3233 1723 confinio

342 1765 583 1850 Agielli
629 1765 1065 1848 possessiones
1111 1765 1488 1827 nominatIm
1535 1784 1894 1848 expressas
1944 1800 2022 1809 —-
2073 1760 2091 1848 [
2100 1810 2315 1826 .....
2363 1762 2773 1826 concedimus
2818 1761 3039 1850 vobis].

531 1894 607 1947 VD
641 1909 705 1945 esc
753 1894 887 1946 libro
931 1894 1411 1946 instrumentorum
1448 1892 1504 1946 R
1530 1908 1585 1959 p.
1611 1899 1703 1946 591
1736 1892 1949 1958 snas-tra
1996 1908 2032 1943 a
2075 1891 2228 1944 nobis
2257 1890 2515 1958 quaesito.
2575 1921 2638 1929 —
2699 1890 2805 1946 Ed.
2846 1892 2988 1946 Gon.
3026 1892 3230 1946 Nachr.

350 1989 479 2035 1900
509 1998 567 2049 p.
599 1989 693 2034 140
724 1998 781 2035 π.
808 1988 854 2033 2.
891 2010 955 2020 -
995 1980 1127 2048 Rey.
1166 1979 1452 2033 Armenion·
1490 1981 1581 2047 ¹1³·
1609 1986 1720 2033 184.
1789 1977 1898 2031 JL.
1934 2008 2018 2032 —.

721 2092 821 2146 Cui
862 2092 1113 2162 pontifici
1153 2092 1291 2146 hacc
1335 2092 1508 2153 bulla,
1557 2090 1677 2145 sine
1714 2091 2025 2161 protocollo
2072 2093 2131 2144 et
2166 2089 2286 2143 sine
2323 2088 2701 2143 eschatocollo
2738 2089 3035 2159 exscripta,
3075 2092 3234 2144 attri-

549 2179 771 2233 buenda
806 2180 897 2243 sit,
937 2179 993 2232 in
1033 2179 1201 2234 dubio
1241 2183 1506 2232 versatur.
1579 2178 1684 2231 Sed
1725 2195 1863 2241 eam,
1903 2195 2027 2231 cum
2066 2176 2139 2230 ab
2180 2175 2484 2230 abbatibus
2509 2174 2908 2229 monasterium
2934 2181 3233 2246 regeretur,

555 2283 870 2319 concessam
916 2283 1061 2329 esse,
1108 2266 1272 2320 facile
1311 2264 1612 2320 coniectari
1651 2268 1840 2334 potest
1890 2281 1955 2317 ex
2004 2264 2179 2334 ipsius
2232 2262 2413 2317 verbis
2456 2263 2904 2331 „quomodolibet
2939 2282 3234 2333 pravorum

552 2358 961 2408 antecessorum
989 2354 1312 2409 abbatum“.
1383 2353 1497 2406 Sub
1524 2352 1824 2406 Benedicto
1851 2352 1931 2405 IX
1969 2352 2262 2417 Iohannes
2301 2354 2364 2404 ut
2387 2350 2646 2416 diximuS‚
2672 2352 2848 2406 abbas
2883 2356 3233 2407 memoratur.

343 2527 388 2586 2
2304 2525 2627 2591 Laterano
2677 2529 2842 2591 1112
2883 2527 3034 2591 mai.
3070 2531 3151 2589 11

343 2631 747 2695 Paschalis
793 2631 862 2695 II
906 2631 1250 2696 Adeleitac
1299 2631 1663 2696 abbatissae
1707 2639 1862 2697 etc.:
1927 2633 2255 2695 constituit
2299 2633 2363 2695 in
2411 2631 2683 2695 ecclesia
2730 2654 2811 2695 ss.
2851 2632 3126 2716 Agnetis
3173 2638 3240 2695 et

344 2736 794 2818 Constantiac‚
849 2757 1050 2820 penes
1095 2757 1289 2821 quam
1346 2737 1560 2801 clerici
1618 2738 1826 2800 minus
1889 2737 2190 2821 religiose
2248 2736 2576 2819 vivebant,
2638 2735 3031 2800 abbatissam
3093 2757 3235 2799 cum

344 2839 664 2903 sororibus
709 2840 866 2922 suis,
915 2847 1219 2924 statuens,
1266 2848 1337 2905 ut
1382 2841 1623 2905 ordinis
1668 2842 2002 2905 monastici
2051 2841 2386 2926 disciplina
2425 2847 2742 2926 perpetua
2789 2839 3234 2904 observatione

350 2944 765 3007 custodiatur.
815 2985 896 2991 --
944 2945 1105 3009 Cum
1155 2947 1299 3009 iusti
1344 2947 1481 3010 viri.
1574 2945 1706 3010 Scr.
1742 2969 1801 3032 p.
1837 2968 1920 3010 m.
1956 2946 2261 3010 Iohannis
2307 2947 2492 3009 scrin.
2542 2967 2675 3030 reg.
2710 2966 2786 3009 ac
2834 2951 2960 3008 not.
3009 2968 3057 3008 3.
3107 2945 3235 3029 pal.

343 3047 485 3131 Ego
534 3050 866 3114 Paschalis
912 3057 1033 3115 etc.
1126 3051 1378 3117 Subscr.
1436 3058 1509 3116 17
1560 3053 1938 3135 cardinaleS,
1986 3051 2257 3115 abbates
2304 3057 2369 3115 et
2414 3049 2806 3114 subdiaconi.
2896 3049 3045 3113 Dat.
3095 3052 3236 3114 Lat.

344 3175 405 3236 p.
442 3175 523 3217 m.
558 3154 866 3218 Iohannis
912 3155 976 3219 S.
1009 3156 1087 3220 R.
1122 3155 1195 3220 E.
1244 3155 1408 3221 dlac.
1458 3157 1629 3221 card.
1664 3179 1739 3220 ac
1770 3156 1947 3240 bibl„
1995 3163 2032 3218 5
2067 3155 2151 3219 id.
2184 3157 2357 3239 mai.,
2404 3154 2532 3218 ind.
2568 3160 2626 3234 5,
2675 3156 2795 3218 inc.
2844 3153 2906 3216 d.
2954 3176 3011 3217 a.
3052 3158 3237 3235 1112,

344 3264 517 3340 pont.
566 3267 696 3323 aut.
745 3259 806 3322 d.
855 3259 1187 3323 Paschalis
1233 3260 1299 3324 II
1345 3283 1403 3325 a.
1445 3265 1540 3325 13.

558 3386 628 3441 A.
677 3386 897 3453 [Insert.
944 3388 1115 3441 bullae
1162 3389 1367 3442 Urbani
1411 3389 1459 3443 V
1497 3407 1548 3443 a.
1590 3396 1724 3443 1370
1764 3390 1866 3455 seb.
1899 3397 1960 3443 8:
2016 3390 2143 3458 Rey.
2181 3389 2345 3442 Aren.
2384 3393 2420 3441 t.
2452 3394 2538 3440 171
2587 3386 2629 3450 s.
2655 3392 2784 3440 429⁴.
2870 3386 2915 3436 C
2939 3387 2980 3452 s.
3008 3393 3068 3440 13
3112 3403 3165 3439 n.
3192 3395 3237 3441 5.

349 3473 408 3525 E
439 3477 482 3542 f.
511 3478 583 3526 38
621 3474 807 3543 Eoecff.
845 3506 910 3515 —
950 3475 1060 3529 Ed.
1096 3477 1470 3531 G6t2.Nacl1r.
1499 3485 1630 3531 1900
1658 3494 1716 3545 p.
1744 3486 1833 3532 155
1865 3493 1920 3531 n.
1949 3485 2020 3530 11.
2061 3506 2124 3515 -
2166 3475 2297 3544 Περ.
2335 3473 2440 3529 JL.
2479 3503 2560 3528 -.

345 3647 426 3707 *3
2781 3646 3119 3709 1154-55

347 3750 786 3816 Hadrianus
820 3753 914 3818 IV
949 3755 1289 3819 committit
1335 3756 1499 3820 Iulio
1547 3757 1643 3819 tit.
1678 3780 1725 3820 s.
1758 3755 2052 3819 Marcelli
2098 3752 2309 3838 presb.
2344 3753 2515 3816 card.
2551 3649 2809 3816 causa1(n
2856 3752 3022 3815 inter
3067 3650 3235 3815 m)on.

348 3878 396 3917 s.
429 3854 675 3920 Mariae
721 3858 783 3920 in
830 3858 1223 3922 Monasterio
1270 3866 1338 3924 et
1382 3881 1551 3923 mon.
1599 3883 1679 3923 ss.
1713 3861 1986 3943 Agnetis
2042 3866 2109 3923 et
2153 3859 2568 3922 Constantiae
2629 3856 2710 3921 de
2756 3856 3004 3920 duobus
3050 3858 3239 3940 petiis

355 3966 565 4023 terrae
614 3962 676 4023 in
720 3960 905 4025 Muro
954 3962 1123 4025 malo
1171 3969 1237 4028 et
1282 3963 1361 4028 de
1408 3970 1593 4048 prato
1641 3966 1820 4028 iuxta
1864 3964 2091 4026 silvam
2138 3961 2398 4026 ibidem.

552 4088 732 4144 Laud.
770 4091 831 4144 in
865 4108 922 4147 n.
947 4101 996 4147 4.
1035 4123 1100 4132 —
1142 4092 1275 4163 Req.
1313 4092 1421 4148 JL.
1459 4124 1541 4148 —.

347 4249 388 4307 4
2428 4246 2595 4309 1155
2640 4244 2828 4326 april.
2879 4247 2963 4305 10
3006 4245 3154 4327 (11)

349 4351 450 4414 Ex
519 4353 795 4416 iussione
863 4354 1242 4419 Hadriani
1288 4356 1404 4439 IV,
1465 4355 1910 4440 praesentibus
1969 4354 2285 4438 Gregorio
2346 4350 2645 4416 Sabinen.
2712 4370 2843 4433 ep.,
2908 4349 3072 4412 Iulio
3141 4349 3235 4413 tit.

350 4478 398 4519 s.
431 4454 722 4520 Marcelli
769 4463 835 4519 et
866 4457 1157 4523 Gerardo
1204 4483 1252 4523 s.
1292 4459 1602 4544 Stephani
1649 4462 1714 4523 in
1752 4460 1974 4524 Coelio
2020 4465 2239 4522 monte
2272 4455 2444 4520 card.
2479 4452 2689 4539 presb.
2722 4461 2917 4538 atque
2949 4452 3238 4517 Iohanne

349 4561 527 4623 Petri
575 4562 814 4625 Leonis
858 4564 1151 4646 consule,
1199 4564 1277 4626 lis
1337 4565 1504 4627 inter
1547 4565 1911 4628 Romanum
1967 4583 2348 4647 yconomum
2396 4581 2566 4622 mon.
2613 4581 2661 4620 s.
2694 4557 2939 4620 Mariae
2985 4579 3047 4641 q.
3088 4578 3237 4640 app.

350 4663 811 4728 Monasterium
859 4673 926 4728 et
955 4666 1423 4731 Merentianam
1457 4668 1847 4733 abbatissam
1880 4689 2049 4731 mon.
2083 4689 2164 4728 ss.
2200 4665 2470 4749 Agnetis
2501 4668 2567 4726 et
2598 4661 3012 4726 constantiae
3044 4666 3239 4745 atque

351 4769 794 4833 Merentianae
840 4771 933 4847 (n.
966 4773 1040 4852 3)
1094 4772 1324 4855 agitur.
1439 4771 1843 4835 Merentiana
1903 4769 2230 4834 abbatissa
2285 4765 2653 4830 absolvitur.
2723 4804 2805 4811 —
2878 4763 3239 4829 Iudicatum

350 4876 524 4937 iussu
569 4872 884 4936 Hadriani
927 4874 1023 4936 IV
1068 4873 1153 4938 ab
1199 4877 1439 4939 Ottone
1485 4877 1669 4940 scrin.
1718 4875 1780 4939 S.
1814 4875 1893 4939 R.
1927 4874 2002 4937 E.
2052 4872 2323 4958 publicis
2366 4871 2598 4935 litteris
2644 4873 2998 4932 exaratum.
3089 4868 3237 4931 Dat.

351 5000 408 5041 a.
449 4984 474 5041 1
530 4977 591 5042 d.
638 4977 956 5041 Hadriani
988 4978 1085 5042 IV
1129 5001 1259 5064 pp.,
1307 4979 1434 5043 ind.
1470 4977 1578 5067 [3]‚
1625 5003 1707 5046 m.
1757 4980 1941 5065 april.
1989 4978 2095 5042 die
2149 4983 2246 5040 11.

559 5108 613 5160 Β
643 5122 685 5162 3.
718 5106 885 5160 XIV.
940 5107 1022 5173 [C
1049 5106 1094 5173 s.
1123 5115 1188 5161 28
1222 5125 1277 5162 n.
1301 5115 1341 5161 7.
1398 5108 1459 5161 F
1485 5113 1529 5178 f.
1557 5110 1629 5178 1].
1684 5138 1752 5147 -
1805 5108 1953 5162 Edd.
1983 5106 2206 5161 Galletti
2244 5104 2350 5159 Del
2377 5102 2665 5174 primicero
2692 5118 2750 5170 p.
2776 5107 2884 5155 313.
2961 5097 3148 5153 Fedele
3178 5100 3241 5153 in

350 5195 514 5250 Arch.
554 5193 687 5247 della
723 5192 838 5248 Soc.
876 5193 1029 5248 Rom.
1070 5194 1291 5248 XXIX
1326 5195 1518 5263 (1906).
1557 5224 1623 5234 -
1661 5195 1787 5265 Βερ.
1825 5194 1943 5249 JL.
1985 5225 2065 5249 —.
