4065 6049
635 385 739 465 88⁰
2019 395 2212 450 Roma.

635 577 712 635 *3
3071 571 3412 637 1181-85

634 677 916 741 Lucius
962 675 1067 738 III
1113 674 1468 740 rectoribus
1510 675 1849 740 Romanae
1897 673 2345 759 fraternitatis:
2403 674 2747 739 committit
2805 570 3095 758 causans,
3150 699 3318 761 quae
3364 577 3532 744 iliter

638 781 944 844 ecclesias
1010 801 1058 842 s.
1117 778 1492 864 Triphonis,
1561 802 1610 841 s.
1659 777 2012 843 Salvatoris
2080 777 2161 843 (16
2210 777 2422 859 Serra,
2490 800 2540 841 s.
2582 777 2838 842 Nicolai
2904 778 2986 843 de
3053 778 3397 877 Praefecto
3465 788 3535 847 et

637 905 684 946 6.
737 882 938 947 Blasii
985 882 1065 947 dc
1111 883 1333 947 Monte
1386 881 1770 967 acceptabili
1831 903 1912 946 ex
1971 903 2099 946 una
2157 888 2223 946 et
2284 882 2745 946 monasterium
2791 904 2843 946 s.
2883 883 3129 949 Mariae
3172 886 3240 949 in
3282 886 3531 970 Campo

637 987 862 1052 Martis
908 1008 988 1051 ex
1029 993 1212 1071 parte
1245 986 1452 1051 altera
1498 985 1579 1050 de
1613 991 1784 1051 statu
1814 985 2265 1069 parochiarum
2298 986 2583 1069 vertitur,
2630 985 2756 1051 fine
2789 984 3009 1052 debito
3044 989 3531 1055 terminandam.

844 1097 1028 1151 Laud.
1064 1098 1129 1151 in
1162 1114 1217 1152 n.
1241 1106 1287 1153 5.
1326 1128 1394 1137 -
1430 1097 1557 1165 1209.
1597 1096 1707 1152 JL.
1744 1128 1827 1151 -.

1015 1191 1306 1249 Sententia
1352 1194 1630 1247 rectorum
1676 1190 2050 1247 fraternitatis
2094 1189 2380 1247 Romanae
2433 1190 2766 1247 verbotenus
2808 1191 3086 1261 repetitur
3132 1192 3191 1248 in
3242 1193 3429 1250 Alexii
3477 1198 3537 1251 et

845 1278 1112 1333 Iohannis
1146 1278 1519 1334 cardinalium
1554 1277 1839 1333 sententia
1875 1278 1951 1343 (n.
1978 1276 2032 1345 8)
2060 1279 2119 1330 et
2143 1276 2409 1331 laudatur
2432 1275 2493 1330 in
2518 1275 2732 1331 Urbani
2757 1277 2838 1331 111
2863 1279 2935 1345 (n.
2962 1279 3017 1346 5)
3044 1282 3103 1334 et
3126 1279 3430 1335 Clementis
3455 1280 3537 1336 111

845 1367 917 1431 (n.
946 1367 1000 1433 6)
1048 1364 1346 1421 mandatis.
1420 1364 1599 1430 Quam
1647 1380 1775 1419 vero
1811 1363 2152 1419 sententiam
2199 1362 2427 1418 omnino
2474 1363 2675 1418 falsam
2721 1381 2840 1419 esse
2886 1364 3076 1420 clerici
3119 1366 3537 1436 praedictarum

846 1452 1206 1508 ecclesiarum
1260 1450 1695 1514 contenderunt,
1761 1450 1967 1520 quibus
2023 1448 2257 1505 Alexius
2310 1454 2370 1506 et
2422 1450 2700 1505 Iohannes
2754 1448 3066 1507 cardinales
3119 1470 3417 1509 assensere.
3471 1484 3538 1494 —

849 1539 917 1593 cf.
957 1538 1149 1594 Clerus
1184 1536 1338 1593 urbis
1373 1536 1585 1593 Romae
1620 1555 1671 1591 n.
1696 1537 1778 1592 25.

641 1660 720 1722 *4
3082 1658 3423 1724 1181-85

639 1766 925 1829 Lucius
957 1764 1062 1828 111
1102 1766 1437 1830 confirmat
1466 1764 1851 1828 sententiam
1884 1785 1924 1827 a
1955 1761 2309 1827 rectoribus
2338 1761 2674 1827 Romanae
2707 1666 3124 1828 fraternitatis
3154 1765 3219 1827 in
3251 1663 3538 1830 favor)em

644 1869 1018 1932 monialium
1067 1891 1114 1933 s.
1163 1869 1409 1934 Mariae
1455 1868 1776 1952 prolatam
1822 1867 1916 1950 (n.
1950 1868 2043 1944 3).

850 1979 1033 2034 Laud.
1069 1980 1134 2033 in
1166 1997 1222 2036 n.
1241 1988 1288 2036 5.
1326 2010 1390 2019 -
1431 1979 1562 2048 Βῳ.
1599 1978 1716 2035 JL.
1754 2008 1838 2032 -.

643 2084 684 2147 5
2412 2080 2658 2149 Verona
2704 2082 3112 2165 (1186-87)
3154 2086 3342 2147 mart.
3375 2084 3461 2146 12

643 2187 1010 2254 Urbanus
1056 2188 1161 2252 III
1214 2188 1454 2272 Agneti
1511 2188 1877 2254 abbatissae
1935 2209 2013 2254 66
2069 2188 2393 2253 sororibus
2446 2211 2495 2252 s.
2543 2188 2792 2253 Mariae
2847 2187 2928 2251 de
2984 2186 3231 2272 Campo
3289 2188 3539 2252 Martis:

647 2292 982 2357 confirmat
1036 2293 1423 2358 sententiam
1481 2316 1520 2358 a
1565 2293 1920 2359 rectoribus
1975 2291 2314 2358 Romanae
2382 2292 2802 2357 fraternitatis
2857 2291 3118 2357 iubente
3176 2292 3377 2356 Lucio
3438 2291 3543 2355 III

650 2404 745 2479 (n.
776 2400 849 2479 3)
894 2398 1234 2482 prolatam.
1283 2437 1367 2445 —
1411 2396 1510 2462 Ea
1555 2419 1722 2484 quae
1771 2397 1872 2463 de.
1962 2397 2114 2462 Dat.
2147 2397 2386 2462 Veron.
2435 2402 2474 2460 4
2506 2395 2591 2461 id.
2639 2402 2824 2461 mart.

856 2508 950 2562 Aa
975 2507 1056 2575 [0
1072 2507 1115 2574 f·
1142 2509 1294 2578 288J.
1319 2538 1387 2548 —
1413 2508 1561 2563 Εαα.
1589 2508 1960 2575 Montfaucon
1980 2508 2244 2562 Dim-ium
2267 2507 2382 2561 ειαι.
2401 2524 2460 2576 p.
2488 2513 2591 2562 243
2626 2522 2693 2562 ex
2728 2508 2809 2563 Αι
2833 2509 2890 2573 (4
2913 2506 3027 2562 kal.
3052 2506 3240 2575 mart.)
3268 2530 3333 2553 =
3358 2505 3547 2576 usqne

654 2594 811 2649 0011
843 2602 976 2650 1469
1009 2611 1066 2649 n.
1089 2601 1177 2650 82.
1213 2625 1281 2635 —
1318 2595 1477 2665 Roqq.
1513 2598 1566 2651 J.
1608 2602 1755 2651 9899.
1791 2594 1899 2649 JL
1937 2602 2091 2650 15799
2123 2594 2196 2648 aa
2229 2594 2330 2661 [ὠ.
2362 2601 2440 2648 26.

653 2739 693 2798 6
2575 2732 2898 2798 Laterano
2944 2734 3113 2795 1188
3156 2736 3342 2796 mart.
3379 2734 3465 2796 12

650 2835 1010 2902 Clemens
1055 2837 1161 2900 III
1218 2837 1461 2922 Agneti
1516 2835 1880 2900 abbatissae
1936 2856 2012 2900 66
2070 2833 2395 2899 sororibus
2453 2858 2501 2899 s.
2550 2836 2796 2900 Mariae
2853 2834 2935 2900 de
2999 2835 3246 2920 Campo
3293 2835 3543 2900 Martis:

651 2942 889 3026 repetit
932 2940 1177 3006 Urbani
1223 2940 1329 3004 III
1375 2941 1467 3023 (n.
1502 2940 1572 3024 5)
1616 2939 1885 3005 litteras.
1932 2977 2016 2986 --
2061 2937 2160 3004 Ea
2206 2960 2372 3026 quae
2419 2939 2521 3004 de.
2585 2938 2736 3004 Dat.
2769 2940 2913 3004 Lat.
2948 2944 2985 3003 4
3017 2938 3103 3003 id.
3136 2946 3322 3005 mart.
3370 2945 3546 3026 pont.

654 3066 715 3108 n.
765 3066 823 3108 a.
862 3049 917 3108 1.

863 3156 958 3211 Aa
997 3185 1059 3196 —
1099 3156 1214 3212 Ed.
1254 3155 1394 3212 osa.
1432 3155 1642 3211 Nachr.
1679 3162 1808 3212 1903
1833 3172 1893 3225 p.
1918 3164 2013 3212 581
2047 3174 2103 3210 n.
2129 3163 2196 3210 22
2228 3171 2294 3211 ex
2328 3155 2399 3211 A.
2440 3185 2500 3195 -
2542 3155 2671 3226 Ray.
2706 3154 2818 3211 JL.
2855 3185 2936 3209 -.

655 3295 739 3359 *7
2713 3298 2919 3376 (1188
2960 3300 3146 3360 mart.
3179 3333 3264 3342 —
3293 3296 3464 3380 iun.)

654 3401 1009 3466 Clemens
1055 3400 1159 3463 III
1221 3400 1457 3466 Alexio
1514 3401 1608 3464 tit.
1670 3423 1720 3464 s.
1778 3399 2110 3465 Susannae
2166 3399 2377 3484 presb.
2437 3406 2505 3465 et
2558 3399 2829 3463 Iohanni
2884 3422 2932 3463 s.
2995 3394 3319 3465 Theodori
3386 3399 3548 3464 diac.

656 3502 863 3566 card.:
913 3505 1255 3568 committit
1308 3526 1566 3569 causam
1630 3527 1670 3569 a
1715 3505 1962 3570 clericis
2009 3528 2057 3568 s.
2106 3505 2479 3589 Triphonis,
2539 3526 2587 3566 s.
2634 3502 2889 3566 Nicolai
2947 3502 3030 3568 de
3084 3503 3428 3568 Praefecto
3484 3509 3551 3568 et

657 3629 704 3670 s.
749 3606 1102 3671 Salvatoris
1155 3606 1236 3672 de
1291 3607 1447 3673 Sere
1503 3608 1811 3673 adversus
1866 3609 2181 3673 moniales
2235 3632 2284 3673 s.
2331 3609 2576 3673 Mariae
2630 3609 2695 3671 in
2752 3607 3000 3692 Campo
3059 3608 3285 3672 Martis
3340 3606 3549 3672 denuo

654 3712 1054 3795 propositam
1101 3711 1226 3775 fine
1273 3710 1492 3776 debito
1540 3711 1989 3777 definiendam.

1042 3840 1092 3877 v.
1130 3822 1279 3877 Eccl.
1317 3841 1357 3877 s.
1395 3821 1699 3893 Triphonis
1734 3841 1786 3878 n.
1814 3825 1864 3878 6.

660 3929 704 3989 8
3043 3929 3211 3990 1188
3254 3927 3391 3991 iun.
3426 3928 3467 3989 6

659 4031 929 4096 Alexius
975 4033 1067 4097 tit.
1116 4056 1165 4097 s.
1212 4032 1542 4098 Susannae
1586 4033 1799 4119 presb.
1847 4038 1914 4098 et
1957 4032 2281 4097 Iohannes
2312 4055 2361 4095 6.
2396 4031 2720 4097 Theodori
2768 4032 2928 4096 diac.
2964 4030 3135 4096 card.
3170 4030 3551 4095 auctoritate

659 4140 727 4199 61
784 4136 1089 4201 mandato
1149 4136 1589 4202 Clementis
1635 4138 1741 4201 111
1797 4141 1891 4221 (n.
1949 4141 2018 4220 7)
2065 4144 2132 4201 61
2198 4135 2615 4200 cardinalium
2684 4157 2995 4201 consensu
3062 4136 3447 4200 sententiam
3514 4156 3553 4198 a

659 4239 1014 4304 rectoribus
1056 4240 1392 4306 Romanae
1439 4242 1857 4307 fraternitatis
1913 4243 1975 4305 in
2032 4241 2319 4305 favorem
2374 4241 2748 4305 monialium
2804 4263 2852 4303 6.
2893 4240 3140 4304 Mariae
3193 4240 3259 4303 in
3305 4239 3551 4323 Campo

661 4344 887 4407 Martis
955 4345 1273 4429 prolatam
1342 4346 1550 4428 (11.3)
1617 4345 1847 4409 falsam
1917 4367 2058 4411 esse
2130 4352 2198 4410 et
2253 4345 2491 4409 viribus
2546 4366 2764 4410 carere
2831 4343 3116 4408 iudicant
3177 4342 3552 4427 clericisque

663 4471 712 4510 s.
746 4448 1118 4533 Triphonis‚
1179 4472 1227 4513 s.
1273 4449 1527 4514 Nicolai
1585 4449 1666 4515 de
1719 4449 2065 4514 Praefecto
2123 4456 2189 4514 et
2241 4472 2290 4513 s.
2338 4448 2689 4515 Salvatoris
2743 4447 2826 4513 de
2872 4447 3029 4513 Sere
3074 4447 3339 4512 incisam
3387 4445 3554 4510 tradi

662 4550 902 4617 iubent

1043 4656 1091 4690 v.
1129 4637 1279 4693 Eccl.
1316 4658 1357 4694 s.
1396 4637 1698 4708 Triphonis
1733 4657 1785 4693 n.
1812 4639 1860 4693 7.

665 4744 705 4804 9
2671 4741 2997 4806 Laterano
3044 4742 3214 4805 1188
3256 4761 3395 4805 nov.
3426 4743 3468 4802 4

664 4846 1024 4912 Clemens
1070 4848 1175 4911 III
1242 4849 1491 4914 clericis
1545 4871 1594 4912 s.
1641 4847 2011 4934 Triphonis,
2076 4870 2123 4911 s.
2173 4846 2425 4911 Nicolai
2485 4845 2566 4911 de
2622 4845 2966 4911 Praefecto
3014 4852 3081 4910 et
3123 4868 3173 4909 s.
3207 4844 3556 4909 Salvatoris

667 4949 749 5014 de
797 4949 985 5015 Sere:
1044 4952 1378 5019 confirmat
1421 4954 1805 5018 sententiam
1850 4952 2070 5017 Alexii
2124 4958 2190 5017 et
2236 4951 2541 5015 Iohannis
2585 4950 2756 5014 card.
2804 4950 2898 5034 (n.
2941 4951 3012 5029 8)
3058 4970 3172 5013 suo
3217 4949 3554 5034 privilegio

665 5055 990 5119 insertam.

1050 5187 1100 5221 v.
1137 5168 1285 5224 Eccl.
1323 5187 1363 5224 s.
1403 5166 1705 5239 Triphonis
1740 5186 1795 5223 n.
1820 5169 1870 5223 8.
