4065 6049
1088 495 1237 551 Eccl.
1273 514 1318 551 s.
1354 494 1503 551 Celsi
1545 526 1604 535 —-
1643 494 1793 552 Eccl.
1827 513 1870 551 s.
1894 494 2184 552 Laurentii
2219 494 2276 550 in
2311 496 2567 552 Damaso.
3187 500 3272 563 93

1160 786 1484 855 Ecclesia
1527 804 1585 854 s.
1625 787 2003 856 Laurentii
2046 788 2123 854 in
2167 789 2499 856 Damaso.

1410 910 1552 976 (San
1590 908 1829 966 Lorenzo
1866 908 1925 963 in
1963 908 2241 977 Damam.)

593 1029 866 1101 Ugonio
902 1030 940 1086 f.
965 1030 1082 1086 221¹
1108 1047 1188 1099 sq.
1234 1060 1302 1070 —
1347 1028 1707 1085 Panciroli
1748 1032 1766 1063 ¹
1793 1048 1848 1101 p.
1872 1029 1977 1086 403
2001 1047 2111 1098 sq.;
2150 1031 2172 1063 ²
2197 1047 2252 1100 p.
2279 1030 2380 1084 777
2405 1048 2484 1099 sq.
2523 1060 2589 1070 —
2643 1030 2808 1102 Greg.
2846 1030 3036 1086 Porii
3073 1030 3277 1086 Fornix

386 1115 796 1171 Laurentianae
835 1116 1104 1172 basilicae
1148 1118 1464 1172 exstructus
1511 1120 1572 1171 et
1619 1119 1849 1172 ornatus
1895 1134 1930 1171 a
1966 1116 2163 1171 Franc.
2200 1116 2348 1171 card.
2385 1116 2688 1173 Barberino
2725 1117 2960 1187 (Romae
3000 1117 3174 1187 1640).
3212 1147 3277 1158 -

383 1202 780 1257 Martinslli
817 1222 873 1275 p.
894 1204 1012 1258 136.
1039 1233 1104 1244 —
1133 1203 1173 1259 1.
1201 1201 1548 1274 Ciampini
1588 1202 1668 1257 De
1692 1202 1746 1257 S.
1772 1202 1838 1258 R.
1863 1202 1926 1258 Ε.
1965 1202 2427 1259 vicecancellario
2462 1203 2727 1273 illiusque
2761 1222 3003 1269 munere,
3038 1204 3278 1259 auctori-

386 1291 508 1343 tate
545 1291 606 1344 et
641 1291 924 1358 potestate
962 1289 1194 1356 (Romae
1234 1290 1400 1357 1697).
1440 1320 1502 1329 —
1544 1288 1789 1344 Piazza
1824 1307 1878 1360 p.
1903 1288 2107 1358 402⁸q.
2135 1319 2195 1329 —
2225 1288 2289 1344 G.
2323 1289 2385 1343 B.
2419 1290 2627 1346 Bovio
2663 1290 2745 1345 La
2780 1291 2938 1362 pieta
2972 1289 3278 1346 trionfante

385 1393 447 1429 su
485 1375 538 1430 le
573 1374 840 1432 distrutte
875 1376 1179 1447 grandezze
1219 1376 1309 1433 del
1345 1375 1705 1447 gentilesimo
1741 1376 1893 1432 nella
1927 1374 2228 1448 magnifica
2263 1376 2593 1433 fondazione
2618 1378 2749 1432 dell’
2786 1378 3006 1450 insigne
3042 1378 3280 1434 basilica

388 1460 447 1515 di
481 1461 536 1518 8.
566 1461 807 1518 Lorenzo
842 1461 901 1517 in
927 1462 1168 1517 Damaso
1193 1461 1251 1516 di
1279 1462 1454 1517 Roma
1490 1462 1577 1529 (In
1603 1461 1782 1517 Roma
1810 1461 1979 1529 1729).
2008 1492 2071 1503 -
2099 1463 2162 1517 Δ.
2188 1461 2496 1517 Fonseca
2530 1461 2613 1519 De
2650 1462 2887 1519 basilica
2921 1483 2963 1519 s.
2991 1464 3278 1520 Laurentii

386 1547 443 1602 in
479 1548 721 1604 Damaso
758 1548 887 1605 libri
925 1556 1039 1606 tres
1075 1550 1239 1617 (Fani
1268 1551 1438 1620 1745).
1476 1581 1541 1592 -
1579 1550 1790 1607 Annali
1824 1551 1917 1608 dei
1954 1551 2213 1608 canonici
2248 1550 2307 1606 di
2342 1551 2396 1608 S.
2420 1551 2661 1609 Lor‘enzo
2696 1550 2755 1605 in
2790 1551 3058 1618 Damaso,
3103 1552 3280 1608 Roma

384 1633 527 1691 Bibl.
553 1635 1146 1694 Vittorio·Emanuele
1193 1638 1312 1694 cod.
1337 1638 1441 1693 837
1478 1637 1676 1705 (Varia
1710 1639 1851 1706 208).
1896 1668 1964 1678 -
2011 1639 2099 1694 Fr.
2137 1637 2567 1695 Cancellieri
2602 1636 2869 1694 Memoris
2903 1637 3055 1693 della
3091 1638 3280 1694 chiesa

386 1722 444 1777 di
489 1724 540 1778 S.
575 1723 817 1779 Lorenzo
870 1725 930 1779 in
974 1725 1213 1781 Damaso
1260 1725 1452 1782 antica
1497 1744 1528 1783 e
1571 1727 1863 1793 moderna,
1919 1746 1960 1781 s.
1996 1726 2214 1792 xvm,
2267 1726 2386 1782 cod.
2413 1725 2544 1781 Vat.
2590 1724 2690 1781 lat.
2724 1725 2878 1781 9172.
2933 1754 2997 1765 -
3051 1723 3279 1794 Nibby

386 1809 543 1864 1291
570 1827 652 1879 sq.
688 1840 756 1850 —
793 1810 1190 1866 ForcellaV
1230 1812 1428 1881 163sq.
1477 1842 1544 1852 —
1588 1811 1961 1869 Armellini
2004 1815 2021 1847 ⁸
2061 1831 2114 1884 p.
2141 1814 2372 1881 312sq.;
2419 1815 2441 1846 ²
2488 1830 2541 1883 p.
2565 1811 2768 1881 373sq.
2814 1841 2879 1851 -
2923 1810 3278 1866 Marucchi

386 1912 439 1965 p.
472 1897 577 1952 419
595 1914 677 1965 sq.
731 1928 794 1937 —
852 1896 911 1950 P.
946 1896 1151 1968 Spezi
1197 1897 1254 1953 S.
1291 1896 1584 1954 Salvatore
1629 1896 1689 1952 di
1735 1897 1903 1953 Galla
1951 1896 2011 1952 in
2062 1897 2297 1954 Bullett.
2333 1897 2487 1953 della
2531 1896 2814 1952 Commiss.
2862 1896 3102 1953 archeol.
3140 1913 3279 1951 com.

388 1981 626 2037 XXXIII
663 1983 845 2052 (1905)
882 1984 951 2039 62
969 2002 1051 2054 sq.

600 2173 851 2239 Titulus
925 2173 1191 2239 Damasi
1257 2172 1368 2256 (cf.
1435 2173 1779 2239 Duchesne
1849 2173 1912 2237 in
1979 2173 2314 2258 Melanges
2358 2173 2491 2238 VH
2557 2171 2711 2258 224)
2795 2173 2929 2237 sive
3004 2173 3278 2238 ecclesia

386 2298 435 2339 s.
488 2278 821 2343 Laurentii
885 2279 952 2342 in
1016 2277 1299 2343 Damaso
1372 2298 1537 2363 quae
1593 2299 1742 2362 app.
1811 2278 1880 2341 in
1935 2277 2210 2342 Prasino
2268 2284 2630 2343 constructa
2688 2283 2753 2342 et
2810 2283 3183 2342 consecrata
3240 2299 3280 2342 a
3385 2321 3388 2325 .

385 2381 668 2446 Damaso
701 2382 735 2446 I
779 2380 868 2467 (n.
915 2380 1009 2467 1),
1070 2389 1258 2447 aucta
1304 2381 1386 2447 ab
1430 2381 1765 2446 Hadriano
1813 2381 1845 2444 I
1894 2379 2066 2466 (Lib.
2115 2383 2346 2466 pontif.
2394 2382 2497 2447 ed.
2543 2382 2886 2447 Duchesne
2930 2380 2965 2444 I
3011 2382 3193 2466 500),
3241 2404 3280 2447 a

386 2486 605 2551 Leone
645 2486 752 2549 III
795 2484 866 2571 (1.
900 2507 954 2551 c.
985 2486 1055 2549 H
1092 2489 1187 2551 12.
1222 2490 1324 2553 20.
1358 2486 1469 2572 28)
1516 2493 1584 2551 et
1629 2508 1669 2551 a
1714 2484 2029 2571 Gregorio
2062 2486 2161 2551 IV
2203 2486 2270 2569 (l.
2305 2507 2358 2551 c.
2392 2486 2460 2549 II
2496 2487 2626 2571 78),
2674 2485 2885 2550 adhuc
2916 2491 3016 2550 est
3060 2484 3279 2550 titulus

386 2588 843 2673 presbyteralis
890 2595 957 2654 et
999 2589 1188 2655 sedes
1232 2591 1296 2656 S.
1327 2590 1418 2677 R.
1441 2590 1514 2655 E.
1562 2590 2097 2656 vicecancellarii.

599 2763 984 2848 Archivum,
1066 2764 1238 2851 quod
1317 2765 1683 2829 etiamnunc
1759 2769 1976 2829 exstat
2041 2784 2244 2849 penes
2311 2765 2686 2849 canonicos,
2748 2763 2947 2828 nimia
3015 2762 3277 2848 quidem

389 2867 715 2932 anxietate
762 2869 1175 2954 custoditum,
1240 2868 1626 2934 documenta
1689 2869 1953 2952 antiqua
2009 2867 2368 2953 perdidisse
2421 2890 2797 2955 persuasum
2849 2866 3033 2932 nobis
3077 2866 3277 2933 habe-

384 2990 543 3035 mus.
650 2971 942 3039 Fonseca
998 2975 1170 3039 enim
1239 2975 1368 3040 iam
1430 2973 1619 3039 huius
1688 2972 2000 3039 ecclesiae
2060 2971 2305 3039 Urbani
2358 2972 2466 3037 III
2520 2972 2762 3039 bullam
2819 2973 2998 3038 illam
3061 2971 3280 3057 magni

386 3078 694 3140 momenti
740 3079 908 3143 circa
953 3078 1146 3144 Urbis
1191 3079 1687 3164 topographiam
1733 3075 1822 3162 (n.
1856 3075 1926 3162 5)
1984 3097 2070 3141 ex
2115 3079 2274 3143 actis
2318 3077 2694 3143 notarilibus
2741 3099 2799 3142 a.
2838 3081 2987 3143 1591
3047 3076 3279 3153 edidit;

387 3178 654 3245 Galletti
699 3187 915 3246 autem
963 3203 1046 3248 ex
1092 3182 1371 3268 quodam
1417 3181 1580 3247 libro
1627 3183 1723 3266 A,
1783 3182 1884 3246 cui
1944 3181 2167 3246 titulus
2215 3181 2688 3267 „Instrumenta
2732 3205 2782 3247 s.
2827 3182 3157 3247 Laurentii
3215 3182 3279 3244 in

386 3282 734 3369 Damaso“,
780 3285 967 3350 huius
1013 3288 1324 3352 ecclesiae
1372 3287 1630 3351 chartas
1679 3287 1994 3351 exaravit.

594 3457 649 3511 Β
697 3480 762 3504 =
800 3457 1237 3530 Transumptum
1286 3477 1388 3530 per
1431 3463 1564 3515 acta
1599 3457 1862 3514 Iohannis
1897 3456 2053 3514 Savii
2090 3456 2297 3513 notarii
2334 3475 2384 3512 a.
2424 3457 2552 3513 1591
2592 3457 2756 3529 april.
2781 3458 2866 3523 22,
2902 3457 3080 3514 Roma
3114 3457 3280 3513 Arch.

798 3544 1109 3615 capitolare
1145 3545 1204 3601 di
1240 3545 1292 3602 S.
1322 3546 1567 3601 Lorenzo
1602 3545 1661 3600 in
1701 3545 1941 3601 Damaso
1979 3548 2149 3611 (teste
2186 3544 2472 3611 Fonseca).
2817 3613 2820 3622 ,

597 3629 644 3683 Ο
688 3654 756 3677 ---
792 3631 833 3687 1.
855 3631 1137 3703 Ciampini
1169 3633 1252 3688 De
1288 3631 1539 3688 ecclesiis
1574 3632 1756 3698 Urbis,
1793 3651 1834 3688 s.
1862 3633 2041 3698 XVII,
2077 3633 2257 3688 Roma
2292 3632 2458 3688 Arch.
2485 3632 2617 3688 Vat.
2645 3631 2800 3687 Misc.
2827 3632 2977 3687 Arm.
3004 3632 3081 3687 VI
3119 3634 3160 3688 t.
3185 3632 3254 3688 35
3265 3652 3279 3697 ;

796 3719 866 3774 cf.
901 3719 1056 3776 Gott.
1094 3720 1299 3776 Nachr.
1338 3719 1476 3776 1900
1515 3737 1569 3790 p.
1595 3720 1714 3775 385.

590 3802 650 3857 D
694 3827 758 3850 =
793 3805 859 3861 G.
896 3805 1220 3861 Terribilini
1267 3805 1480 3862 Schede
1521 3804 1874 3877 riguardanti
1912 3806 1965 3862 ls
2015 3805 2202 3862 chiese
2252 3823 2283 3862 e
2337 3804 2680 3861 monumenti
2726 3804 2785 3860 di
2834 3805 3012 3861 Roma
3049 3806 3157 3862 vol.
3184 3807 3279 3872 VI,

800 3911 843 3948 s.
877 3892 1090 3960 XVIII,
1144 3894 1321 3948 Roma
1355 3892 1501 3948 Bibl.
1541 3891 1800 3949 Casanat.
1839 3893 1961 3949 cod.
1996 3893 2134 3948 2182
2189 3891 2315 3961 (XX
2352 3892 2432 3947 XI
2468 3894 2550 3962 6);
2596 3892 2666 3950 cf.
2704 3891 2859 3949 Gott.
2896 3892 3104 3949 Nachr.
3144 3892 3280 3949 1903

804 3996 858 4049 p.
890 3980 1002 4036 120.

593 4060 656 4115 Ε
694 4086 759 4109 =
797 4064 1021 4123 Notizie
1064 4065 1309 4124 storiche
1357 4065 1508 4122 della
1551 4065 1791 4122 basilica
1839 4064 2150 4138 collegiata
2200 4064 2417 4138 insigne
2465 4064 2526 4121 di
2572 4065 2624 4122 S.
2655 4066 2902 4123 Lorenzo
2944 4066 3005 4121 in
3039 4065 3279 4123 Damaso

797 4168 847 4207 a.
877 4152 1026 4219 1797,
1063 4153 1241 4210 Roma
1276 4153 1444 4209 Arch.
1483 4152 1797 4224 capitolare
1832 4151 1891 4207 di
1927 4152 1981 4209 S.
2019 4153 2261 4209 Lorenzo
2297 4153 2356 4208 in
2393 4153 2635 4209 Damaso
2670 4154 2840 4223 (teste
2875 4152 3078 4225 Spezi).

603 4305 788 4372 Conf.
836 4310 1032 4376 etiam
1076 4311 1151 4376 P.
1198 4311 1274 4375 L.
1322 4309 1594 4376 Galletti
1637 4310 1839 4377 Varia
1880 4312 2008 4376 vol.
2057 4310 2122 4396 Ι,
2169 4333 2219 4376 s.
2258 4310 2524 4397 XVIII,
2578 4310 2719 4376 cod.
2765 4310 2916 4376 Vat.
2955 4311 3066 4376 lat.
3112 4314 3279 4377 8045

386 4408 594 4494 (Gott.
636 4410 873 4479 Nachr.
927 4419 1088 4482 1903
1135 4438 1198 4502 p.
1233 4415 1366 4499 25).

388 4580 467 4646 *1
2832 4589 3197 4672 (366—84)

388 4688 764 4755 Damasus
808 4690 842 4754 1
888 4693 1216 4758 constituit
1259 4692 1513 4758 titulum
1559 4693 1624 4757 in
1668 4692 1826 4758 urbe
1855 4693 2070 4759 Roma
2101 4692 2455 4775 basilicam,
2502 4713 2697 4777 quam
2737 4691 2876 4776 ipse
2909 4692 3281 4776 construxit,

389 4792 497 4857 ubi
537 4801 604 4859 et
643 4795 841 4860 donat
870 4798 1309 4881 possessiones
1353 4796 1746 4883 Papiranam
1779 4804 1927 4863 terr.
1959 4797 2329 4882 FerentinO,
2374 4797 2812 4860 Antonianam
2845 4801 2992 4861 terr.
3026 4794 3282 4880 Casino,

389 4906 457 4962 et
499 4898 803 4964 balneum
848 4901 1029 4965 iuxta
1075 4900 1328 4965 titulum
1375 4898 1465 4988 [et
1511 4908 1842 4966 consecrat
1886 4898 2275 4988 ecclesiam}

599 5010 779 5065 Ima.
798 5011 863 5064 in
885 5010 1007 5065 Vita
1033 5011 1266 5065 Damasi
1289 5010 1435 5078 (Lib.
1447 5012 1648 5080 pontif.
1666 5012 1748 5069 ea.
1773 5011 2062 5067 Ducam
2086 5013 2127 5066 1
2141 5019 2263 5079 212,-
2286 5011 2580 5066 Mommsen
2594 5028 2654 5081 p.
2676 5013 2785 5082 84).
2812 5040 2875 5051 —
2902 4989 3035 5081 1209.
3060 5011 3182 5067 JK.
3197 5041 3281 5067 -.

770 5106 992 5162 Tabula
1015 5123 1339 5172 marmorea,
1365 5107 1462 5162 ubi
1486 5108 1555 5163 de
1582 5108 2000 5165 consecratione
2032 5107 2321 5174 ecclesiae,
2358 5107 2766 5163 adservabatur
2791 5107 2941 5163 inter
2964 5108 3283 5178 praeclaras

595 5192 990 5264 inscriptiones
1037 5211 1073 5248 a
1108 5193 1308 5250 Fulvio
1343 5193 1544 5250 Ursino
1588 5193 1723 5251 olim
1762 5195 2031 5251 collectas
2088 5194 2146 5249 in
2192 5193 2425 5251 aedibus
2484 5192 2845 5249 Farnesianis
2894 5193 2968 5248 ad
3021 5211 3280 5266 campum

597 5280 794 5337 Florae
831 5283 920 5348 (cf.
960 5281 1205 5337 Fonseca
1241 5299 1295 5352 p.
1325 5281 1464 5350 139).
