4065 6049
1109 571 1255 629 Gens
1291 573 1444 630 Petri
1481 571 1736 629 Latronis
1772 605 1839 614 —
1875 572 2022 628 Gens
2059 568 2395 643 Fraiapana.
3072 576 3183 638 191

312 753 553 817 eisdem
602 755 728 815 200
774 748 952 814 libris
998 749 1140 815 den.
1176 751 1441 834 Papien.
1475 749 1646 814 dicta
1676 754 1887 813 castra
1927 747 2192 834 obligat,
2224 751 2480 833 praeter
2512 745 2856 812 Civitatem
2887 753 3193 830 veterem,

307 877 498 941 quam
546 858 666 939 ipsi
712 855 996 920 refutant
1039 854 1343 940 pontifici.

511 957 693 1012 Laud.
731 958 795 1010 in
829 973 887 1013 n.
911 965 960 1012 4.
998 987 1063 996 —-
1103 956 1234 1026 Ray.
1271 956 1389 1012 JL.
1426 987 1509 1009 —.

305 1049 386 1109 *3
2700 1044 3107 1123 (1177-81)

305 1151 763 1217 Alexander
807 1150 912 1214 III
958 1148 1295 1235 privilegio
1342 1170 1455 1214 suo
1491 1149 1799 1230 declarat,
1845 1169 1915 1212 se
1947 1170 1986 1211 a
2017 1146 2217 1211 Petro
2247 1147 2548 1211 Latronis
2579 1154 2646 1212 et
2676 1146 2950 1212 Oddone
2998 1148 3195 1212 fratre

309 1258 444 1320 eius
491 1261 571 1319 50
618 1254 816 1319 libras
862 1254 1245 1318 Provenien.
1291 1274 1407 1339 pro
1455 1253 1674 1318 debito
1720 1254 2060 1337 recepisse.

514 1358 697 1412 Laud.
732 1358 795 1410 in
828 1373 885 1412 n.
910 1367 961 1414 4.
998 1388 1062 1397 —
1101 1355 1237 1426 Ray.
1274 1355 1384 1411 JL.
1421 1386 1503 1411 —.

307 1450 347 1508 4
2707 1444 2877 1506 1193
2918 1441 3033 1507 iul.
3066 1445 3109 1505 3

306 1550 539 1615 Petrus
592 1551 827 1632 Latro,
883 1549 1051 1613 filius
1118 1548 1442 1634 quondam
1488 1548 1667 1613 Petri
1712 1548 2011 1612 Latronis
2065 1547 2160 1627 (n.
2192 1548 2254 1612 2.
2286 1549 2389 1630 3),
2445 1553 2512 1612 et
2565 1546 2887 1612 Iohannes
2941 1547 3193 1612 Nicolai

307 1655 553 1720 Mariae
583 1654 907 1737 Iohannis,
954 1660 1209 1718 curator
1241 1652 1532 1718 Oddonis
1577 1652 1689 1716 filii
1737 1651 2060 1737 quondam
2095 1650 2387 1715 Oddonis
2432 1651 2611 1716 Petri
2655 1652 2973 1733 Latronis,
3020 1651 3192 1717 refu-

307 1767 444 1823 tant
489 1759 747 1824 Ointhio
796 1781 844 1824 s.
890 1759 1132 1823 Luciae
1187 1759 1251 1821 in
1299 1756 1493 1822 Silice
1539 1758 1722 1821 diac-
1753 1755 1925 1821 card.
1972 1762 2040 1821 et
2085 1754 2146 1821 d.
2193 1776 2298 1841 pp.
2347 1756 2737 1840 camerari0,
2796 1758 3193 1842 procuratori

304 1864 685 1929 Celestini
731 1863 836 1927 111
879 1864 942 1926 in
989 1863 1110 1927 hac
1157 1883 1350 1927 causa
1396 1863 1764 1948 specialiter
1808 1861 2173 1943 constituto,
2221 1861 2305 1925 ad
2352 1862 2489 1926 eius
2534 1882 2693 1946 opus
2741 1866 2806 1926 et
2850 1861 3194 1926 utilitatem

304 1990 527 2033 omnes
593 1968 736 2032 illas
792 1971 917 2031 200
974 1967 1173 2031 libras
1240 1967 1384 2031 den.
1449 1966 1751 2052 Papien.‚
1821 1986 1980 2050 quas
2043 1966 2457 2030 Innocentius
2501 1965 2568 2029 II
2632 1966 2828 2030 Petro
2896 1967 3195 2031 Latronis

309 2072 563 2136 illorum
610 2093 733 2136 avo
781 2077 846 2136 et
889 2092 1133 2157 proavo
1179 2069 1478 2135 debuisse
1525 2070 1896 2154 dinoscitur,
1943 2077 2009 2134 et
2055 2070 2407 2155 infringunt
2450 2076 2517 2134 et
2560 2078 2816 2135 cassant
2858 2071 3194 2156 privilegia

304 2176 660 2241 Innocentii
707 2175 775 2239 II
824 2176 911 2259 (n.
951 2178 1016 2252 1)
1062 2181 1129 2239 et
1174 2175 1534 2240 Alexandri
1580 2174 1684 2237 III
1731 2176 1825 2258 (n.
1856 2176 1918 2238 2.
1950 2176 2045 2254 3).
2103 2212 2187 2220 —
2252 2173 2566 2239 Chartula
2623 2173 3027 2239 refutationis
3072 2196 3190 2239 scr.

305 2301 345 2342 a
390 2279 680 2344 Iohanne
724 2280 962 2344 Leonis
1007 2278 1072 2343 S.
1103 2278 1183 2343 R.
1216 2278 1291 2344 E.
1338 2280 1524 2343 scrin.

511 2390 581 2444 A.
633 2389 889 2458 [Oeneius
931 2390 1051 2445 Lib.
1086 2405 1224 2443 cens.
1269 2391 1324 2444 S.
1362 2391 1430 2446 R.
1475 2389 1545 2444 Ε.
1583 2405 1628 2445 c.
1675 2391 1809 2460 1661.
1851 2420 1915 2428 —
1955 2388 2099 2444 Edd.
2138 2388 2420 2442 Muratori
2456 2389 2637 2457 Δηλίᾳ.
2691 2388 2740 2441 V
2766 2394 2867 2443 843
2905 2411 2969 2433 =
3007 2389 3193 2458 Miyne

311 2476 454 2530 CCV
456 2476 489 2529 1
526 2484 647 2530 1272
693 2493 748 2533 n.
785 2485 831 2531 5.
903 2476 1393 2531 Fabre-Duchesm
1428 2477 1469 2530 I
1497 2483 1610 2531 424.
1688 2479 1746 2531 0.
1789 2475 1987 2529 Gali-ese
2021 2475 2205 2529 Storia
2241 2474 2301 2527 di
2342 2474 2719 2528 Cidtavccchia
2754 2475 3006 2541 (Pirene
3043 2477 3194 2541 1898)

299 2579 354 2629 p.
383 2568 475 2616 132
508 2568 613 2616 not.
644 2571 684 2616 1.
724 2594 788 2602 —
826 2563 951 2631 Ray.
989 2563 1094 2617 JL.
1137 2593 1216 2617 —.

1430 2765 1617 2834 Gens
1663 2765 2086 2849 Fraiapsna.

1539 2889 1558 2955 (
1570 2886 1952 2959 Frangipani.)

522 3011 623 3076 De
671 3010 1093 3077 celeberrima
1136 3016 1330 3096 gente
1361 3010 1722 3097 Fraiapana
1761 3011 1893 3075 sive
1926 3008 2624 3095 Frangentiumpanem
2671 3011 2750 3075 cf.
2785 3011 2862 3075 O.
2896 3010 3190 3076 Panvinii

303 3116 404 3180 De
462 3122 656 3201 gente
715 3116 1120 3202 Fregepania
1178 3115 1286 3180 lib.
1321 3121 1352 3179 4
1417 3116 1526 3199 (ex
1582 3115 1724 3180 cod.
1778 3115 1931 3179 bibl.
1987 3115 2345 3200 Angelicae
2393 3120 2471 3179 77
2534 3113 2620 3200 [Α
2669 3119 2726 3179 7.
2779 3114 2883 3202 16]
2940 3123 3190 3201 partem

303 3220 404 3284 ed.
452 3220 526 3285 E.
574 3221 800 3287 Gelani
859 3222 924 3283 in
975 3220 1206 3285 Nuovo
1261 3219 1457 3284 Arch.
1492 3220 1748 3285 Veneto
1780 3220 1841 3285 V
1887 3217 2116 3305 (1893)
2162 3222 2287 3284 473
2313 3240 2406 3303 sq.
2468 3218 2575 3302 [de
2633 3218 2775 3283 aliis
2820 3219 3006 3288 codd.
3040 3220 3187 3286 vat.

302 3324 494 3389 Barb.
528 3330 685 3390 2481
743 3324 1073 3411 (XXXIII
1123 3331 1178 3407 1,
1226 3325 1378 3388 olim
1430 3323 1624 3410 1025)
1683 3329 1750 3387 et
1802 3321 1954 3387 bibl.
2001 3323 2297 3387 Patavin.
2332 3325 2454 3387 263
2515 3323 2594 3387 cf.
2626 3323 2843 3388 Perini
2891 3324 2969 3387 O.
3017 3326 3189 3390 Pan-

302 3431 472 3492 vinio
535 3451 571 3493 e
625 3429 686 3493 le
745 3450 857 3493 sue
918 3449 1111 3515 opere
1167 3450 1228 3513 p.
1268 3426 1442 3513 ¹9313
1496 3427 1724 3492 Franc.
1771 3427 2049 3492 Zazzera
2106 3427 2298 3492 Della
2355 3426 2646 3511 famiglia
2690 3427 3080 3514 Frangipani
3126 3432 3191 3493 in

302 3532 493 3596 Della
550 3531 796 3596 nobilta
849 3532 997 3596 dell'
1046 3531 1238 3595 Italia
1294 3553 1355 3616 p.
1387 3531 1485 3602 II:
1540 3530 1784 3596 Bened.
1841 3531 2038 3595 Pucci
2098 3529 2501 3614 Genealogia
2555 3530 2724 3617 degl'
2784 3532 3190 3597 illustrissimi

306 3636 543 3719 signori
588 3635 978 3720 Frangipani
1024 3633 1299 3699 Romani
1345 3633 1449 3719 (In
1480 3635 1759 3700 Venetia
1810 3632 2022 3720 1621).

523 3791 700 3856 Gens
756 3789 1118 3877 Fraiapana
1173 3791 1497 3856 archivum
1562 3791 1920 3877 proprium,
1980 3796 2051 3855 ut
2104 3791 2334 3876 sciam,
2381 3791 2444 3855 in
2489 3791 2667 3857 Urbe
2713 3814 2837 3856 non
2882 3796 3187 3879 possidet.

304 3895 711 3960 Documenta
757 3897 1042 3980 antiqua,
1089 3916 1257 3980 quae
1304 3894 1387 3960 ad
1433 3916 1577 3960 eam
1623 3900 1933 3980 spectant,
1966 3896 2251 3959 maxima
2296 3915 2380 3959 ex
2410 3902 2593 3979 parte
2627 3918 2709 3960 ex
2740 3897 2961 3962 Oencii
2992 3900 3187 3965 Libro

305 4020 610 4062 censuum
656 3998 719 4063 S.
752 3997 831 4063 R.
864 3998 939 4063 E.
987 3999 1332 4063 hausimus,
1444 3997 1768 4064 Nonnulla
1834 4020 1986 4064 vero
2055 3997 2475 4064 adservantur
2541 4001 2605 4064 in
2672 4001 2930 4066 archivo
2998 4007 3190 4069 castri

303 4126 352 4167 s.
381 4103 635 4189 Angeli.
1455 4169 1462 4182 ,

773 4222 924 4294 Orig.
963 4222 1140 4278 Roma
1178 4207 1340 4278 Arch.
1366 4223 1497 4280 Vat.
1533 4226 1684 4279 Arm.
1710 4223 1789 4278 111
1828 4242 1874 4279 c.
1899 4223 1979 4278 111
2015 4241 2071 4280 n.
2101 4226 2145 4280 1.
2175 4223 2225 4279 8.

511 4225 607 4278 A¹⁶
631 4226 652 4257 s
671 4247 735 4270 =

509 4312 604 4363 ,4³-
627 4313 648 4345 ⁸
668 4334 732 4356 =
771 4309 924 4380 Orig.
963 4309 1038 4365 ib.
1076 4311 1224 4366 Arm.
1253 4310 1385 4364 XIII
1422 4327 1469 4366 c.
1497 4311 1573 4364 VI
1611 4329 1664 4366 n.
1689 4312 1738 4366 6.
1763 4313 1812 4367 7.

508 4397 591 4451 A·
664 4421 726 4441 =
766 4396 917 4467 Orig.
956 4395 1030 4451 ib.
1067 4396 1214 4453 Arm.
1241 4397 1374 4451 XIII
1413 4416 1460 4453 c.
1484 4397 1564 4453 VI
1598 4415 1651 4453 n.
1681 4399 1760 4454 15.

305 4487 343 4546 1
2326 4486 2532 4552 Roma
2575 4488 2809 4573 (1145)
2852 4490 2985 4554 ian.
3015 4494 3101 4554 31

301 4589 590 4653 Lucius
635 4590 703 4654 11
749 4590 1071 4655 nobilibus
1115 4591 1267 4655 viris
1314 4590 1570 4655 Oddoni
1629 4598 1696 4655 et
1739 4590 1997 4656 Cinthio
2056 4591 2417 4677 Fraiapane
2463 4591 2798 4656 fratribus:
2846 4598 3190 4660 committit

304 4693 662 4758 custodiam
708 4695 935 4760 Circei.
984 4735 1065 4742 -
1113 4694 1281 4769 Quia
1326 4694 1408 4760 de
1455 4692 1767 4758 omnibus.
1855 4694 2006 4759 Dat.
2053 4694 2304 4772 Romae
2349 4698 2387 4757 2
2436 4694 2567 4759 kal.
2614 4695 2741 4760 feb.

513 4805 740 4859 (lancium
775 4806 894 4861 Lib.
929 4822 1070 4861 cens.
1105 4807 1161 4862 S.
1191 4806 1261 4860 R.
1291 4806 1363 4861 E.
1402 4822 1443 4862 c.
1473 4814 1579 4862 172.
1647 4806 1773 4875 [Em
1809 4805 2001 4860 omacio
2035 4811 2235 4860 tactum
2284 4811 2626 4875 sumpserunt
2662 4807 2991 4874 flaminius,
3027 4810 3185 4863 Mon·

303 4893 496 4946 terenzi
529 4893 776 4963 aliiqueJ.
825 4925 891 4933 —
942 4892 1085 4947 Edd.
1124 4894 1373 4948 Zcoezera.
1445 4893 1608 4947 Puoeu·
1632 4909 1691 4961 p.
1720 4900 1806 4947 50.
1878 4893 2078 4947 Nen'm'
2113 4893 2199 4947 De
2233 4893 2423 4961 templo
2458 4898 2507 4946 ct
2544 4894 2790 4948 coenobio
2821 4911 2889 4950 ss.
2915 4896 3187 4962 Bonifatii

302 4985 353 5032 et
389 4979 577 5032 Alea-ii
604 4996 665 5048 p.
703 4987 810 5034 407
842 5004 907 5026 =
947 4980 1002 5036 0.
1031 4980 1147 5034 Fen
1181 4979 1287 5034 Dei
1320 4979 1496 5034 div-itti
1530 4979 1615 5033 del
1643 4979 1948 5048 principato
1982 4980 2125 5049 suyli
2149 4979 2353 5034 antichi
2386 4979 2558 5046 editici
2572 4981 2781 5048 publici
2802 4980 3005 5050 (Roma
3029 4984 3186 5052 1806)

290 5074 461 5136 1228.
535 5066 1017 5122 Fabre-Duchoene
1050 5068 1091 5121 I
1117 5073 1233 5122 428.
1274 5096 1335 5105 -
1375 5066 1504 5136 Rey.
1540 5065 1648 5122 JL.
1684 5073 1833 5122 8710.

685 5164 790 5217 Pro
834 5162 1090 5218 custodia
1134 5161 1312 5216 Circei
1363 5161 1672 5216 custodiam
1719 5160 1864 5215 Circi
1917 5160 2145 5216 maximi
2191 5161 2399 5217 Romae
2445 5160 2868 5233 intelligendam
2917 5179 3035 5218 esse
3071 5164 3185 5218 fere

506 5267 695 5306 omncs
745 5250 1028 5305 affirmant
1074 5249 1164 5316 (cf.
1190 5248 1560 5318 Gregorovius
1601 5247 1717 5303 ‘lV
1741 5249 1841 5303 461
1883 5250 2043 5315 not.).
2116 5247 2325 5304 Iniuria
2360 5247 2611 5317 quidem,
2667 5267 2838 5318 quum
2891 5250 2960 5305 de
2996 5253 3184 5305 monte
3228 5251 3231 5254 ’

508 5337 701 5393 Cir-ceo
737 5355 910 5408 prope
948 5336 1305 5393 Terracinam
1342 5353 1538 5406 reapse
1575 5334 1668 5391 hic
1705 5340 1911 5406 agatur
1945 5337 2037 5405 (cs.
2064 5335 2305 5402 Latium,
2341 5335 2531 5392 Monte
2569 5334 2801 5405 Circeo).
