4065 6049
909 452 1058 508 Eccl.
1094 472 1135 508 s.
1162 452 1342 509 Blasii
1389 454 1457 511 de
1495 454 1685 511 Monte
1720 455 2065 526 acceptabili
2104 486 2168 495 —
2204 454 2353 512 Eccl.
2390 476 2430 512 s.
2470 456 2680 513 Mariae
2718 457 2777 512 in
2813 456 3039 527 Aqniro.
3335 465 3415 526 85

1161 799 1481 906 Ecclesia
1524 817 1582 867 s.
1629 801 1858 869 Blasii
1901 801 1988 869 de
2034 803 2272 871 Monte
2319 803 2778 887 acceptabili.

732 941 812 996 cf.
851 940 997 995 Eccl.
1036 960 1078 995 s.
1116 939 1436 1011 Triphonis.

744 1135 819 1199 In
866 1135 1163 1219 catalogo
1212 1134 1628 1199 ecclesiarum
1673 1134 1867 1200 Urbis
1912 1134 2085 1220 apud
2131 1135 2437 1201 Cencium
2484 1134 2654 1222 (Lib.
2690 1158 2991 1203 censuum
3039 1137 3139 1203 ed.
3172 1137 3416 1202 Fabre-

524 1240 868 1305 Duchesne
936 1237 969 1301 I
1039 1237 1193 1323 302)
1266 1239 1629 1303 nominatur
1705 1244 2001 1323 „sanctus
2075 1240 2332 1305 Blasius
2395 1240 2895 1326 Acceptorum“,
2975 1243 3040 1307 in
3119 1242 3415 1325 catalogo

527 1343 904 1410 Taurinensi
974 1341 1107 1427 (ed.
1151 1342 1492 1407 Armellini
1560 1345 1582 1383 ¹
1623 1364 1685 1427 p.
1732 1348 1848 1420 543
1921 1343 1947 1383 ²
1987 1366 2050 1429 p.
2085 1344 2197 1430 49)
2260 1345 2573 1429 „ecclesia
2640 1369 2688 1411 s.
2734 1346 2934 1411 Blasii
3002 1345 3082 1411 de
3129 1345 3414 1429 Monte“‚

526 1451 566 1513 i.
614 1470 669 1513 e.
712 1448 978 1530 Citorio,
1024 1446 1133 1510 ubi
1176 1446 1368 1511 hodie
1414 1447 1708 1532 publicus
1746 1448 2061 1513 Italorum
2106 1454 2327 1515 coetus
2373 1449 2653 1515 ferendis
2684 1449 2934 1535 legibus
2965 1457 3413 1536 congregatur.

523 1552 816 1619 Ecclesia
861 1551 1072 1617 diruta
1117 1559 1234 1635 est,
1283 1573 1408 1637 quo
1455 1559 1748 1636 tempore
1793 1553 2131 1617 nescimuS.

740 1674 1297 1739 Commemoratur
1358 1674 1421 1738 in
1476 1673 1875 1739 documentis
1934 1673 2017 1739 ad
2088 1694 2347 1740 causam
2411 1675 2848 1760 spectantibus
2900 1676 3066 1740 inter
3110 1676 3415 1742 ecclesias

525 1802 573 1843 s.
621 1778 993 1864 Triphonis,
1049 1799 1096 1842 s.
1145 1777 1498 1843 Salvatoris
1557 1777 1638 1843 de
1684 1778 1904 1863 Serra,
1953 1801 2002 1843 s.
2049 1778 2302 1844 Nicolai
2360 1778 2442 1844 de
2488 1779 2831 1846 Praefecto
2879 1785 2946 1844 et
2991 1802 3039 1844 s.
3086 1780 3288 1844 Blasii
3333 1778 3415 1843 de

523 1884 742 1948 Monte
810 1881 1192 1967 acceptabili
1259 1904 1345 1948 ex
1410 1904 1538 1948 una
1594 1890 1661 1948 et
1726 1884 2185 1948 monasterium
2246 1906 2295 1948 s.
2343 1884 2588 1948 Mariae
2643 1883 2708 1947 in
2765 1904 2994 1967 campo
3049 1883 3276 1948 Martis
3331 1906 3416 1949 cx

523 1992 709 2072 parte
770 1988 976 2052 altera
1041 1986 1122 2053 dc
1188 1993 1359 2051 statu
1421 1988 1902 2072 parochiarum,
1964 2009 2132 2074 quae
2193 2010 2307 2052 suo
2378 1989 2520 2054 loco
2582 1986 2994 2054 adducemus.
3105 1987 3412 2053 Attamen

523 2090 960 2157 adnotandum
1006 2097 1124 2168 est,
1172 2091 1253 2157 de
1299 2092 1575 2156 ecclesia
1619 2114 1667 2156 s.
1700 2091 1922 2174 Blasii,
1970 2090 2227 2177 quando
2273 2090 2390 2156 sub
2436 2092 2774 2158 Clemente
2807 2092 2911 2156 111
2959 2113 3152 2157 causa
3182 2093 3413 2158 iterum

524 2201 797 2260 tractata
843 2195 981 2279 fuit,
1028 2196 1269 2261 nullam
1315 2196 1592 2281 amplius
1635 2198 2031 2271 mentionem
2077 2197 2236 2261 fieri.

1363 2538 1683 2608 Ecclesia
1725 2556 1784 2608 s.
1830 2540 2099 2608 Mariae
2145 2540 2220 2606 in
2263 2539 2563 2624 Aqniro.

1564 2662 1773 2729 (Santa
1809 2661 1990 2718 Maria
2023 2661 2082 2717 in
2121 2661 2373 2732 Aquir0.)

729 2783 1079 2840 Panciroli
1123 2787 1137 2819 ¹
1165 2803 1219 2854 p.
1246 2785 1474 2853 497sq.;
1514 2786 1536 2818 ¹
1562 2802 1615 2853 p.
1640 2784 1743 2838 415
1762 2801 1844 2854 sq.
1881 2814 1947 2824 ——
1983 2783 2388 2840 Martinelli
2425 2803 2480 2855 p.
2506 2785 2624 2840 215.
2652 2815 2714 2826 —
2754 2784 2995 2839 Piazza
3033 2803 3086 2855 p.
3111 2785 3216 2839 832
3238 2803 3319 2853 sq.
3349 2813 3411 2823 -

523 2870 748 2941 Nibby
785 2872 812 2926 1
836 2872 939 2927 338
963 2890 1044 2941 sq.
1070 2902 1136 2911 -
1162 2870 1217 2927 S.
1256 2871 1504 2942 Imperi
1543 2870 1706 2927 Della
1741 2870 1932 2927 chiesa
1968 2870 2026 2925 di
2062 2870 2115 2926 S.
2142 2870 2323 2928 Maria
2357 2871 2415 2927 in
2452 2871 2663 2942 Aquiro
2700 2871 2758 2926 in
2797 2871 2974 2927 Roma
3007 2871 3204 2942 (Roma
3240 2869 3411 2938 1866).

524 2986 588 2997 —
626 2958 946 3015 For-cella
983 2958 1036 3013 11
1071 2959 1171 3014 431
1193 2975 1274 3029 sq.
1310 2987 1375 2997 —
1414 2957 1730 3012 Adinolfi
1767 2957 1821 3012 11
1857 2957 2062 3029 388sq.
2099 2989 2165 3001 —
2201 2957 2567 3014 Armellini
2609 2961 2625 2993 ¹
2654 2958 2865 3030 p.340;
2904 2962 3006 3030 ¹p.
3032 2959 3151 3014 315.

734 3135 987 3201 Asserit
1043 3134 1421 3219 Martinelli,
1480 3134 1818 3200 ecclesiam
1878 3157 1925 3197 s.
1971 3135 2219 3201 Mariae
2280 3136 2346 3199 in
2405 3134 2654 3221 Aquiro
2710 3136 2844 3201 sive
2903 3134 3145 3220 Equiro
3213 3134 3411 3201 fuisse

523 3240 605 3304 ab
665 3240 1007 3306 Anastasio
1050 3240 1085 3303 Ι
1139 3239 1546 3305 aedificatam
1605 3245 1673 3305 et
1725 3238 2060 3305 diaconiae
2126 3240 2310 3306 titulo
2374 3240 2765 3306 decoratam.
2862 3241 3108 3305 Verum
3164 3240 3408 3304 nullum

524 3351 622 3409 cst
689 3344 1169 3424 documentum,
1248 3342 1420 3429 quod
1485 3344 1813 3409 Anastasii
1886 3343 2329 3410 fundationem
2400 3344 2567 3410 hanc
2642 3344 3044 3430 comprobet,
3118 3344 3409 3430 quamvis

523 3449 856 3515 diaconiae
901 3450 1101 3534 ipsius
1150 3449 1499 3533 antiquitas
1544 3455 2083 3513 commemoretur
2127 3449 2191 3513 in
2235 3448 2430 3514 Libro
2488 3448 2840 3533 pontificali
2901 3448 3032 3534 (ed.
3064 3446 3409 3512 Duchesne

522 3554 555 3617 Ι
587 3555 761 3636 419).
850 3552 1103 3638 Nempe
1150 3551 1503 3637 Gregorius
1547 3552 1653 3616 III
1706 3551 2035 3618 basilicam
2082 3576 2131 3616 s.
2178 3552 2306 3619 Dei
2349 3555 2692 3638 genetricis
2736 3576 2799 3639 q.
2846 3574 2995 3637 app.
3044 3554 3289 3637 Acyr0,
3344 3552 3409 3615 in

522 3679 649 3743 qua
694 3665 886 3723 antea
945 3658 1238 3722 diaconia
1297 3664 1363 3722 ct
1421 3677 1688 3740 parvum
1746 3658 2096 3722 oratorium
2141 3658 2289 3742 fuit,
2349 3680 2389 3722 a
2450 3658 2882 3723 fundamentis
2941 3658 3299 3742 longiorem
3344 3661 3411 3720 et

522 3763 815 3827 latiorem
863 3760 1216 3827 construxit
1260 3765 1455 3845 atque
1504 3760 1813 3845 depinxit.
1905 3761 2197 3827 Eandem
2242 3762 2602 3828 diaconiam
2652 3764 2755 3847 „in
2799 3760 3008 3846 Cyro“
3045 3761 3408 3825 ditaverunt

521 3867 658 3931 Leo
705 3865 811 3930 111
855 3864 926 3950 (l.
959 3885 1013 3929 c.
1045 3864 1114 3928 II
1155 3867 1247 3928 12.
1289 3863 1416 3949 19),
1463 3863 1816 3949 Gregorius
1860 3865 1959 3930 IV
2005 3864 2077 3950 (1.
2112 3887 2165 3931 c.
2200 3866 2269 3930 ΙΙ
2305 3863 2434 3950 77),
2481 3866 2619 3932 Leo
2665 3865 2762 3931 IV
2806 3864 2876 3951 (l.
2911 3887 2965 3930 c.
3000 3865 3068 3929 II
3106 3864 3275 3950 121).

733 4004 1064 4071 Ecclesiae
1111 4010 1294 4070 vetus
1338 4003 1666 4069 archivum
1712 4006 1922 4090 periit.

521 4149 561 4209 1
2801 4145 2970 4208 1179
3013 4165 3056 4208 a
3140 4141 3202 4207 il.
3233 4143 3322 4207 29

519 4249 969 4315 Alexander
1014 4248 1120 4312 III
1179 4255 1514 4313 consecrat
1566 4247 1771 4313 altare
1831 4248 2042 4312 minus
2100 4248 2163 4311 in
2216 4248 2525 4314 honorem
2573 4247 2635 4313 b.
2681 4249 2929 4314 Mariae
2977 4164 3404 4328 etpgonoediu

518 4352 815 4418 Rolando
863 4351 1418 4438 archipresbytero
1463 4351 1868 4437 implorante,
1914 4355 1953 4414 2
2000 4373 2312 4417 annorum
2358 4354 2819 4418 remissionem.

731 4480 942 4535 Tabula
976 4480 1039 4534 in
1073 4481 1291 4535 ecclesia
1317 4480 1497 4549 periit.
1539 4510 1601 4520 —
1641 4478 1791 4535 Edd.
1833 4481 2139 4536 Martinam
2166 4498 2221 4550 p.
2252 4487 2348 4536 216
2380 4481 2480 4551 (ad
2512 4501 2563 4536 a.
2601 4482 2754 4551 1189)
2790 4505 2855 4528 =
2892 4481 3093 4535 Piazza
3120 4496 3178 4548 p.
3203 4486 3303 4535 833
3340 4501 3404 4524 =

520 4569 696 4641 Nibby
731 4568 774 4622 Ι
801 4573 918 4636 339,
954 4591 1020 4614 =
1058 4567 1262 4637 Imperi
1294 4585 1355 4637 p.
1389 4575 1464 4624 15.
1534 4566 1782 4623 Fon-cella
1817 4568 1886 4622 11
1923 4574 2025 4624 433
2068 4585 2124 4624 n.
2159 4575 2291 4625 1333
2331 4570 2421 4638 (ex
2464 4567 2580 4625 cod.
2621 4567 2762 4625 mois.
2800 4569 2836 4623 1
2877 4567 3049 4623 Vm?
3078 4568 3122 4635 s.
3147 4566 3300 4636 140¹).
3340 4595 3404 4604 -

522 4654 654 4726 Req.
688 4653 800 4710 JL.
836 4653 910 4708 Π
927 4671 988 4724 p.
1011 4660 1127 4710 346.

518 4795 602 4860 *2
2912 4786 3318 4872 (1179—81)

522 4898 974 4966 Alexander
1017 4897 1123 4962 III
1189 4897 1533 4962 committit
1601 4897 1942 4964 Theodino
2009 4899 2316 4965 Portuen.
2364 4920 2464 4984 ep.
2515 4904 2581 4963 et
2636 4895 2928 4962 Mattheo
2981 4891 3401 4976 Andegaven.

520 5003 729 5088 presb.
776 5002 949 5069 card.
1000 5003 1093 5066 tit.
1141 5024 1189 5067 s.
1236 5002 1527 5067 Marcelli
1583 5024 1843 5068 causam
1898 5005 2066 5069 inter
2118 5004 2394 5069 Paulum
2440 5022 2822 5088 yconomum
2868 5021 2918 5062 s.
2964 4994 3292 5062 Anastasii
3338 5000 3406 5059 et

519 5108 785 5174 Petrum
831 5126 1215 5192 yconomum
1260 5104 1416 5169 eccl.
1464 5127 1514 5168 s.
1543 5106 1789 5173 Mariae
1836 5108 1899 5171 in
1930 5106 2180 5194 Aquiro
2224 5128 2420 5192 super
2462 5105 2844 5192 quibusdam
2875 5096 3401 5187 possessionibus.

902 5253 949 5289 v.
985 5234 1135 5290 Mon.
1172 5251 1242 5288 ss.
1281 5231 1563 5291 Vincentii
1598 5238 1658 5291 et
1692 5234 1977 5291 Anastasii
2011 5234 2086 5290 ad
2109 5236 2300 5305 Aquas
2334 5234 2552 5292 Salvias
2584 5253 2637 5290 n.
2668 5234 2748 5290 12.
