4065 6049
823 355 848 415 1
864 337 944 415 {34
2170 344 2363 399 Roma.

1025 521 1208 577 Laud.
1263 522 1322 576 in
1371 521 1494 575 Vita
1541 520 1742 575 Leonis
1779 519 1877 573 1V
1913 518 2063 585 (Lib.
2102 518 2305 587 pontis.
2340 517 2421 573 ed.
2463 516 2745 573 Duclzesne
2781 516 2855 571 II
2896 520 3027 585 124).
3082 548 3149 557 —
3205 517 3368 587 Bm.
3426 515 3483 571 J.
3524 524 3693 583 P·23‘—'·

817 609 931 663 JE.
972 609 1009 663 1
1031 627 1091 678 p.
1116 616 1230 664 333.

1198 706 1264 758 cf.
1291 702 1682 773 inscriptiones
1718 703 1786 758 de
1817 720 1892 768 re,
1928 721 2069 771 quas
2088 701 2210 757 edd.
2244 699 2500 771 Torrigio
2540 701 2614 756 Le
2650 717 2804 755 sacre
2838 704 3025 771 grotte
3065 703 3141 735 ²⁶⁸
3178 719 3234 771 p.
3258 702 3379 756 404.
3441 700 3699 755 Muratori

1029 791 1307 859 Antiq.11
1363 792 1461 845 461
1522 793 1580 844 et
1635 788 2030 844 Dissertazioui
2091 807 2257 857 sopra
2306 787 2357 843 lc
2415 786 2697 841 antichita
2749 786 2871 841 ital.
2928 789 3128 854 (Roma
3179 788 3334 855 1757)
3397 787 3466 839 lb
3514 787 3698 840 151=

1024 876 1395 947 Gregorovius
1431 879 1451 910 ⁸
1479 876 1555 929 111
1595 877 1661 930 97
1687 894 1738 929 ιι.
1765 875 1918 930 6-7.
1991 874 2057 928 G.
2083 874 2288 928 Marini
2326 893 2417 943 ap.
2456 874 2570 928 Mai
2609 876 2721 928 Ser.
2751 877 2862 928 vet.
2897 892 3044 929 nova
3068 874 3195 929 coll.
3216 873 3267 928 V
3292 874 3417 928 323.
3476 873 3701 927 Adinolfi

1025 964 1104 1017 La
1158 963 1376 1032 portica
1429 961 1486 1015 di
1537 962 1588 1015 S.
1624 962 1811 1017 Pietro
1859 980 1912 1030 p.
1946 962 2031 1015 56.
2122 961 2201 1015 De
2251 960 2411 1014 Rossi
2467 961 2636 1015 Inscr.
2675 959 2791 1015 chr.
2830 961 2922 1013 11·
2970 960 3073 1016 324
3127 983 3193 1006 =
3246 960 3547 1016 Duchesne
3594 960 3701 1015 Lib.

1024 1051 1221 1120 pontif.
1261 1050 1310 1104 11
1352 1051 1451 1104 138
1487 1052 1601 1104 not.
1625 1050 1710 1105 49.
1791 1048 1983 1103 Grisar
2018 1048 2181 1102 Anal.
2213 1046 2367 1102 Rom.
2398 1047 2421 1101 I
2449 1049 2532 1104 97.

816 1154 859 1211 3
2733 1144 3059 1210 Laterano
3106 1146 3274 1210 1123
3318 1150 3512 1209 mart
3545 1148 3629 1209 27

819 1253 1189 1316 Calixtus
1236 1252 1303 1315 II
1367 1251 1461 1336 (in
1519 1251 1765 1336 synodo
1832 1247 2285 1334 Laterancnsi)
2355 1255 2576 1314 censet
2641 1270 2906 1334 pravam
2972 1249 3146 1314 illam
3216 1250 3700 1314 Porticanorum

819 1357 1344 1422 consuetudinem
1401 1355 1891 1438 removendam,
1961 1363 2030 1419 ιιι
2098 1355 2587 1419 Porticanorum
2655 1354 3087 1420 habitatorum
3160 1358 3295 1420 sine
3362 1354 3705 1419 heredibus

819 1463 1224 1525 morientium
1287 1460 1458 1525 bona
1525 1466 1746 1525 contra
1791 1460 2122 1524 morientis
2189 1459 2721 1524 deliberationem
2776 1461 3036 1525 minime
3098 1459 3571 1545 pervadantur,
3625 1460 3702 1522 ita

821 1574 1035 1631 tamen
1082 1574 1152 1631 ut
1196 1568 1522 1631 Porticani
1568 1568 1633 1631 in
1677 1565 1758 1630 R.
1791 1566 1866 1629 E.
1916 1563 2329 1629 oboedientia
2374 1564 2652 1629 fideliter
2697 1572 3138 1650 permaneant.

1024 1680 1165 1732 Acta
1211 1679 1425 1732 concilii
1458 1677 1576 1732 edd.
1615 1677 1807 1731 Mansi
1845 1676 2009 1730 XXI
2040 1683 2151 1731 281.
2186 1683 2302 1731 301.
2380 1676 2531 1730 Mon.
2572 1676 2746 1730 Germ.
2785 1676 2908 1746 Ley.
2947 1676 3020 1730 11
3058 1683 3154 1732 182
3188 1681 3237 1731 d
3274 1675 3506 1730 Con-stit.
3539 1674 3580 1728 I
3602 1681 3704 1728 574.

821 1797 884 1803 -
927 1764 1085 1834 Rqul.
1122 1768 1173 1818 J.
1203 1782 1260 1833 1².
1289 1772 1403 1820 543.
1441 1764 1550 1819 JL.
1588 1764 1631 1818 I
1651 1781 1708 1832 p.
1733 1771 1859 1819 810.

1198 1862 1267 1914 cf.
1304 1879 1356 1914 n.
1381 1861 1432 1925 4,
1469 1858 1564 1914 ubi
1592 1858 1826 1929 legimus
1863 1859 2034 1914 hacc:
2077 1858 2263 1924 „Hanc
2303 1860 2421 1913 tam
2458 1875 2691 1929 pravam
2728 1863 2786 1914 et
2822 1857 3212 1914 detestabilem
3249 1857 3705 1913 consuetudinem

1030 1946 1090 2011 (i.
1118 1964 1180 2011 e.,
1218 1952 1283 2002 ut
1318 1945 1364 2000 si
1402 1945 1500 2015 qui
1537 1947 1853 2001 accolarum
1891 1945 2178 2000 hominum
2215 1944 2335 2000 siue
2372 1944 2485 2000 filio
2521 1948 2879 2011 morerentur,
2918 1963 3104 1999 eorum
3140 1945 3287 1999 bona
3321 1943 3523 1999 omnia
3558 1961 3704 2014 prae·

1027 2032 1160 2087 fecti
1201 2033 1363 2087 Urbis
1399 2032 1640 2088 ministri
1686 2031 1805 2088 eius
1851 2031 2041 2087 usibus
2092 2035 2444 2101 usurparent)
2482 2030 2723 2087 dilectus
2758 2032 2905 2087 filius
2940 2036 3130 2087 noster
3166 2032 3362 2087 Petrus
3391 2033 3705 2102 praefectus

1029 2119 1195 2174 Urbis
1233 2119 1473 2189 primum
1511 2119 1567 2173 in
1603 2120 1837 2173 fratrum
1863 2122 2175 2173 nostrorum
2202 2116 2590 2188 episcoporum
2627 2122 2685 2173 et
2710 2118 3078 2173 cardinalium
3104 2121 3379 2173 conventu
3421 2121 3486 2174 et
3523 2121 3706 2189 postea

1025 2207 1082 2261 in
1120 2206 1368 2275 generali
1405 2207 1554 2276 quod
1592 2206 1995 2261 celebravimus
2032 2204 2270 2261 concilio
2307 2204 2532 2275 penitus
2567 2204 2887 2260 refutavit&

819 2334 860 2392 4
2887 2328 3135 2393 Albano
3183 2330 3351 2392 1123
3394 2326 3514 2391 iul.
3552 2328 3630 2390 10

823 2433 1191 2498 Calixtus
1237 2434 1305 2497 II
1366 2434 1729 2498 Porticanis
1782 2432 2176 2516 hominibus,
2244 2434 2615 2497 Leonianae
2686 2433 2963 2507 civitatis
3021 2431 3500 2497 habitatoribus
3561 2438 3703 2495 ete:

821 2541 1070 2622 statuit,
1140 2545 1212 2602 ut
1267 2539 1652 2623 quicumque
1699 2538 1802 2601 vel
1865 2536 2314 2621 undecumque
2383 2537 2446 2599 in
2516 2536 2639 2599 hac
2708 2537 2965 2600 civitate
3034 2534 3433 2601 habitatores
3482 2536 3706 2599 fuerint

820 2644 953 2705 sive
1000 2645 1064 2705 in
1112 2642 1302 2706 domo
1351 2664 1465 2705 sua
1510 2642 1642 2706 sive
1689 2643 1751 2705 in
1799 2642 1927 2705 alia
1959 2641 2151 2704 domo
2199 2641 2280 2703 ad
2318 2642 2713 2725 pensionem,
2760 2640 2928 2705 bona
2974 2662 3216 2721 eorum,
3264 2661 3704 2726 quaecumque

821 2747 1076 2830 fuerint,
1121 2748 1185 2809 in
1233 2768 1453 2810 eorum
1501 2747 1679 2810 exitu
1726 2746 1902 2809 nulla
1933 2746 2288 2829 rapacitate
2322 2745 2774 2828 distrahantur,
2822 2746 3011 2809 nullis
3041 2745 3354 2829 praefecti
3384 2745 3703 2823 ministris,

820 2850 1011 2913 nullis
1090 2856 1201 2913 aut
1273 2850 1584 2933 praefecti
1653 2856 1763 2913 aut
1831 2850 2204 2934 cuiusquam
2274 2849 2470 2913 alieni
2548 2849 3068 2933 usurpationibus
3140 2847 3565 2913 vindicentur.
3631 2882 3705 2893 --

823 2954 1202 3017 Sanctorum
1265 2958 1517 3039 patrum
1566 2952 1860 3018 decretis.
1953 2954 2087 3017 Ser.
2135 2975 2196 3038 p.
2229 2974 2313 3017 m.
2385 2953 2604 3017 Alexii
2651 2954 2834 3018 scrin.
2883 2975 3017 3039 reg.
3066 2958 3133 3017 et
3175 2958 3305 3016 not.
3355 2975 3404 3016 s.
3455 2952 3586 3040 pal.
3632 2990 3702 2998 ——

823 3059 961 3143 Ego
996 3059 1285 3123 Calixtus
1316 3066 1438 3123 etc.
1520 3056 1693 3144 [Dat.
1743 3058 1952 3122 Albae
1993 3081 2055 3142 p.
2089 3080 2171 3122 m.
2251 3058 2557 3121 Aimerici
2606 3057 2669 3121 S.
2714 3055 2918 3144 R.]E.
2968 3057 3129 3121 diae.
3176 3057 3349 3122 eard.
3398 3064 3469 3123 et
3514 3077 3702 3136 cane,

823 3169 861 3227 6
896 3163 979 3226 id.
1027 3163 1158 3244 iul.,
1205 3162 1332 3226 ind.
1375 3168 1428 3246 1,
1473 3164 1595 3226 inc.
1645 3161 1704 3225 d.
1754 3185 1810 3226 a.
1853 3166 2035 3244 1123,
2082 3168 2257 3246 pont.
2306 3169 2435 3226 aut.
2485 3160 2546 3225 d.
2594 3161 2832 3226 Calixti
2878 3162 2945 3226 II
2989 3183 3098 3245 pp.
3131 3183 3188 3225 a.
3223 3167 3281 3225 5.

1031 3274 1098 3326 A.
1121 3273 1206 3340 [B
1223 3290 1264 3326 3.
1294 3273 1493 3327 XVII.
1527 3271 1573 3325 C
1588 3272 1632 3337 f.
1661 3272 1818 3341 127¹J.
1843 3303 1900 3308 —-
1927 3271 2071 3326 Echi.
2097 3271 2320 3324 Moretti
2342 3271 2506 3324 Ritus
2526 3271 2701 3324 dandi
2718 3290 2773 3338 p.
2793 3278 2893 3325 332
2915 3289 2969 3326 n.
2997 3281 3024 3325 1
3049 3296 3113 3317 =
3149 3271 3209 3326 U.
3237 3271 3440 3325 Robert
3469 3270 3703 3324 Bullain

823 3359 900 3412 du
931 3377 1076 3426 pape
1120 3360 1324 3412 Calacte
1362 3360 1436 3412 ΙΙ
1466 3365 1501 3413 t.
1533 3359 1601 3412 ΙΙ
1631 3365 1725 3412 213
1763 3376 1813 3410 n.
1840 3367 1952 3412 410.
1992 3387 2053 3396 -—
2111 3358 2267 3426 Rem.
2308 3358 2574 3411 Covuelm·
2643 3359 2727 3412 Dc
2753 3359 3030 3427 praesecto
3063 3374 3105 3413 c.
3131 3367 3163 3412 4
3200 3376 3254 3413 n.
3281 3365 3360 3413 43.
3421 3359 3480 3413 G.
3518 3357 3703 3411 Calissc

824 3447 863 3499 I
883 3448 1102 3514 prefecti
1135 3446 1191 3499 di
1239 3447 1364 3501 Vico
1411 3447 1470 3500 in
1506 3447 1671 3501 Arch.
1708 3445 1846 3498 della
1881 3445 2001 3501 Soc.
2042 3445 2197 3499 Rom.
2240 3445 2301 3498 X
2334 3447 2514 3513 (1887)
2551 3455 2583 3500 4
2619 3451 2727 3499 not.
2752 3452 2800 3501 3.
2854 3446 2969 3501 JL.
3012 3453 3137 3500 7075
3152 3465 3202 3499 α.

1991 3696 2537 3780 Iohannopous.

1039 3839 1138 3902 De
1186 3837 1610 3922 Iohannopoli
1656 3839 1934 3922 civitate,
1981 3861 2019 3902 a
2066 3838 2355 3902 Iohanne
2386 3837 2554 3902 VIII
2600 3838 2780 3901 iuxta
2824 3837 3152 3903 basilicam
3200 3837 3261 3902 b.
3295 3839 3489 3903 Pauli
3533 3836 3697 3903 aedi-

825 3944 1042 4025 ficata,
1114 3949 1287 4006 tacet
1352 3943 1633 4006 historia.
1725 3942 1855 4006 Sed
1924 3944 2093 4006 circa
2169 3965 2312 4007 eam
2383 3942 2693 4006 habemus
2761 3943 3205 4027 inscriptiones
3272 3948 3338 4006 et
3404 3941 3699 4006 basilicae

826 4046 1236 4127 documenta,
1305 4048 1366 4108 in
1437 4046 1663 4130 quibus
1731 4048 1975 4110 castelli
2048 4069 2095 4109 8.
2153 4047 2338 4111 Pauli
2409 4070 2469 4131 q.
2517 4069 2574 4111 v.
2630 4046 3090 4132 Iohannopolis
3153 4048 3394 4111 mentio
3461 4048 3535 4110 fit
3598 4045 3696 4128 (cf.

825 4151 903 4213 R.
935 4150 1243 4213 Lanciani
1274 4149 1578 4233 Leopolis
1623 4149 1749 4214 and
1789 4150 2295 4235 Iohannopolis
2279 4173 2342 4214 m
2384 4151 2492 4215 the
2525 4151 2875 4235 Esquiline,
2921 4153 3070 4216 iune
3122 4154 3305 4234 1892,
3355 4156 3422 4214 et
3467 4151 3546 4215 G.
3579 4150 3697 4213 To-

826 4256 1111 4318 missotti
1157 4257 1219 4318 in
1267 4254 1460 4318 Arch.
1511 4253 1683 4319 della
1727 4256 1870 4320 Soc.
1915 4256 2104 4319 Rom.
2138 4256 2302 4318 XIX
2348 4255 2576 4341 (Isou)
2632 4259 2747 4319 126
2781 4256 2926 4341 sq..)

1203 4358 1600 4434 inscriptiones
1638 4367 1704 4420 de
1741 4384 1800 4420 rc
1835 4365 1957 4419 edd.
1996 4364 2256 4434 Torrigio
2298 4366 2369 4420 Le
2406 4384 2559 4420 sacre
2596 4369 2861 4435 grette*
2850 4369 2912 4400 ·⁸
2950 4384 3003 4435 p.
3029 4366 3147 4420 360.
3207 4365 3482 4419 Muratori
3519 4364 3696 4431 Antiq.

1034 4451 1081 4503 11
1127 4452 1230 4504 463
1285 4456 1342 4505 et
1398 4451 1520 4504 Diss
1513 4451 1789 4506 ertazioni
1853 4470 2019 4520 sopra
2086 4451 2139 4504 le
2195 4450 2476 4506 antis-hita
2542 4452 2664 4506 ital.
2720 4453 2920 4518 (Roma
2977 4453 3130 4520 1757)
3177 4452 3248 4505 Ib
3307 4453 3405 4507 153
3451 4476 3517 4497 =
3566 4451 3694 4505 Reu-

1028 4540 1185 4591 mont
1236 4538 1283 4590 ll
1327 4539 1484 4602 1124,
1526 4563 1588 4582 ==
1640 4539 2011 4607 Gregorovius
2062 4541 2082 4572 ⁸
2119 4538 2199 4590 111
2241 4539 2354 4593 182.
2426 4539 2489 4592 G.
2530 4537 2730 4593 Marini
2781 4557 2873 4608 ap.
2920 4537 3036 4594 Mai
3085 4539 3195 4593 Ser.
3237 4542 3346 4594 vet.
3385 4556 3533 4593 nova
3583 4536 3695 4592 coll.

1037 4624 1081 4676 V
1119 4625 1238 4679 329.
1309 4624 1390 4679 De
1428 4624 1583 4678 Rossi
1625 4624 1785 4679 luscr.
1826 4625 1938 4680 chr.
1977 4626 2071 4678 11⁸
2106 4623 2209 4678 326
2246 4644 2297 4677 ιι.
2322 4625 2371 4679 8.
2397 4625 2489 4679 Sa.

1732 4864 1996 4935 Schola
2041 4866 2484 4950 piscatorum
2532 4868 2794 4950 stagni.

1042 5007 1142 5070 De
1190 5009 1501 5072 artificum
1547 5008 1781 5072 scholis
1826 5009 2077 5072 Romae
2125 5008 2577 5071 exsistentibus
2635 5010 2714 5072 cf.
2763 5010 2837 5073 L.
2871 5010 2955 5073 M.
2990 5009 3351 5074 Hartmann
3395 5006 3692 5074 Urkunde

827 5111 1005 5174 einer
1034 5111 1393 5176 romischen
1425 5112 2234 5199 Gartnergenossenschaft
2263 5133 2409 5176 vom
2456 5112 2656 5177 Jahre
2698 5117 2858 5178 1030
2892 5113 3233 5200 (Freiburg
3265 5115 3305 5178 i.
3338 5114 3447 5180 Br.
3488 5110 3691 5196 1892);
