4065 6049
644 427 681 486 6
2000 423 2196 481 Roma.

846 598 1027 666 (1894)
1061 601 1292 671 409sq..
1332 599 1563 656 Lxxvl
1603 600 1782 665 (1896)
1821 598 1924 654 352
1943 617 2023 667 sq.
2096 596 2219 653 Lib.
2256 596 2460 668 pontif.
2495 597 2584 652 ed.
2618 597 2915 655 Ducheene
2951 598 2976 653 1
3009 598 3107 655 281
3157 605 3217 657 et
3261 596 3549 671 Melanges

848 687 927 743 111
952 687 1054 745 239
1075 707 1156 759 sq.
1231 687 1523 745 Hollweck
1564 687 1624 743 in
1649 686 1858 743 Archiv
1897 687 1986 742 sur
2021 685 2180 741 kath.
2215 683 2623 743 Kirchenrecht
2659 685 2892 742 Lxxlv
2930 686 3110 757 (1895)
3146 685 3252 742 329
3264 705 3345 757 sq.
3417 685 3549 758 Sag-

848 774 1050 831 miiller
1085 774 1142 831 in
1180 774 1468 847 Tfibinger
1503 774 1675 830 theol.
1702 772 2140 837 Quartalsehrift
2180 771 2313 829 1903
2349 791 2404 844 p.
2427 774 2629 844 254sq.

640 873 723 935 *3
3100 872 3226 935 595
3273 869 3386 935 iul.
3418 871 3461 935 5

643 975 1067 1064 Gregorius
1112 978 1144 1040 I
1190 986 1411 1043 censet
1468 978 1639 1043 sedis
1682 977 2022 1043 Romanae
2079 976 2490 1062 presbyteros
2545 1000 2621 1041 sc
2683 978 2990 1042 diaconos
3048 996 3264 1042 euram
3318 996 3546 1063 gerere

529 1112 535 1119 ·
645 1081 889 1146 decreti
936 1081 1033 1145 sui
1080 1080 1161 1146 de
1206 1080 1583 1167 sepeliendo
1629 1081 1953 1167 pontifice.

1062 1211 1110 1247 v.
1136 1193 1422 1250 decretum
1458 1191 1714 1263 Gregorii
1750 1192 1774 1245 1
1812 1191 1885 1247 ad
1921 1192 2133 1247 clerum
2169 1193 2261 1259 (cf.
2299 1191 2492 1249 clerus
2530 1193 2684 1248 urbis
2722 1193 2931 1249 Romae
2965 1211 3019 1247 n.
3043 1191 3117 1262 8).

644 1318 685 1377 4
3101 1315 3261 1397 (600
3304 1315 3467 1398 dec.)

646 1416 1086 1503 Gregorius
1130 1419 1164 1482 I
1211 1418 1482 1483 Iohanni
1532 1419 1863 1503 religioso:
1923 1440 2071 1484 eum
2120 1420 2302 1505 eligit
2347 1420 2584 1483 mensis
2630 1440 2988 1505 pauperum
3035 1426 3104 1485 et
3146 1418 3551 1487 exhibendae

648 1522 980 1588 diaconiae
1028 1521 1587 1609 praeponendum,
1636 1523 2047 1605 constituens,
2097 1529 2166 1587 ut
2210 1522 2292 1588 de
2337 1522 2482 1599 hoc,
2538 1523 2709 1611 quod
2766 1523 2848 1589 ad
2895 1544 3152 1588 mensas
3197 1544 3552 1611 pauperum

650 1627 752 1692 vel
817 1627 1151 1693 diaconiae
1221 1625 1685 1694 exhibitionem
1750 1627 2116 1713 perceperit
2175 1628 2307 1692 sive
2368 1626 2637 1693 subinde
2702 1628 3068 1714 perceperit
3136 1627 3553 1715 erogandum,

648 1730 804 1799 nulli
860 1751 1163 1817 umquam
1219 1731 1459 1797 homini
1524 1730 1813 1818 quolibet
1865 1730 2062 1797 modo
2121 1752 2236 1796 seu
2293 1732 2550 1818 ingenio
2607 1740 2877 1819 cogatur
2932 1752 3176 1817 ponere
3237 1731 3555 1797 rationem

651 1835 751 1900 vel
799 1834 1086 1922 aliquam
1133 1833 1373 1899 debeat
1416 1834 1780 1900 molestiam
1828 1836 2175 1902 sustinere:
2211 1872 2298 1881 —-—
2342 1836 2529 1901 Licet
2573 1859 2686 1902 eos
2733 1837 2862 1922 qui.

857 1945 985 2016 Rea.
1019 1946 1174 2017 Grey.
1202 1946 1242 2000 Ι
1277 1943 1365 2000 lib.
1396 1943 1497 1999 XI
1532 1962 1610 2014 cp.
1638 1953 1721 2025 17.
1749 1971 1815 1985 -—-
1853 1943 1999 2001 Edd.
2035 1946 2089 2000 S.
2118 1944 2368 2017 Greycm't'
2407 1946 2488 2002 M.
2521 1947 2656 2016 Opp.
2691 1946 2768 2002 cd.
2806 1948 3001 2005 Maur.
3029 1947 3100 2000 11
3140 1945 3226 2002 lib.
3255 1945 3357 2000 XI
3394 1963 3451 2001 n.
3477 1954 3555 2002 27.

655 2033 848 2088 Μαηεὶ
887 2032 951 2088 Χ
983 2040 1077 2088 265
1110 2050 1169 2086 n.
1194 2039 1275 2087 ⁴24.
1334 2031 1524 2103 Miyne
1547 2029 1866 2087 LXXVII
1892 2039 2017 2088 1137
2039 2052 2093 2087 n.
2123 2040 2201 2089 27.
2263 2033 2419 2090 Mon.
2449 2034 2627 2089 Germ.
2653 2033 2797 2103 Epp.
2827 2034 2896 2088 II
2915 2040 3032 2089 ²78.
3062 2064 3124 2074 —
3157 2031 3389 2103 Rem-J·
3416 2041 3555 2089 1378.

653 2119 767 2174 ’,Ε
797 2128 950 2175 1800.
1068 2189 1209 2243 Tum
1250 2189 1320 2245 de
1358 2188 1601 2244 Iohanne
1626 2186 1889 2260 religioso
1926 2192 2048 2243 tum
2085 2187 2153 2244 (le
2190 2188 2465 2253 diaconia,
2504 2188 2596 2246 cui
2635 2188 3017 2261 praeponitur,
3055 2188 3271 2246 nullam
3293 2187 3557 2246 notitiam

863 2274 1148 2331 habemus.
1188 2305 1252 2315 -·
1289 2272 1410 2330 Hoc
1445 2274 1570 2330 loco
1606 2272 1665 2330 in
1702 2277 1949 2332 mentem
1982 2268 2311 2331 revocamus
2344 2275 2722 2333 narrationem
2759 2276 2829 2332 de
2865 2272 3217 2346 depositione
3251 2273 3557 2339 Laurentii,

862 2359 960 2431 qui
1001 2360 1216 2434 primus
1251 2362 1436 2417 fuerat
1474 2359 1531 2415 in
1569 2359 1766 2418 ordine
1802 2358 2046 2417 diaconii
2085 2361 2232 2418 sedis
2268 2362 2641 2433 apostolicae,
2691 2366 2752 2420 et
2788 2364 2856 2419 de
2894 2359 3245 2435 promotione
3281 2360 3557 2419 Honorati

862 2446 1021 2519 (Reg.
1047 2446 1212 2519 Greg.
1242 2448 1264 2501 1
1303 2445 1403 2502 lib.
1432 2446 1482 2501 11
1520 2465 1608 2518 ep.
1640 2449 1662 2502 l
1703 2446 1776 2504 ad
1812 2464 1864 2504 a.
1890 2449 1987 2502 591
2018 2453 2182 2520 sept„
2217 2467 2387 2519 quam
2413 2448 2537 2505 edd.
2563 2448 2618 2505 S.
2642 2447 2902 2521 Gregorii
2925 2448 2999 2502 M.
3026 2448 3173 2520 Opp.
3202 2448 3290 2505 ed.
3314 2447 3558 2504 Maur-dl

868 2538 1014 2607 App.
1039 2553 1093 2591 n.
1120 2535 1167 2588 2.
1242 2530 1424 2589 Mansi
1462 2532 1536 2588 1x
1579 2534 1727 2590 1084.
1799 2533 1991 2606 Migne
2030 2533 2292 2590 LXXVII
2333 2534 2466 2591 1329
2504 2555 2556 2589 n.
2583 2538 2631 2591 2.
2705 2536 2853 2591 Mon.
2893 2532 3074 2591 Germ.
3113 2533 3309 2607 Epp.1
3350 2532 3487 2599 101).

657 2660 737 2722 *5
3281 2658 3472 2738 (769)

657 2762 1108 2847 Stephanus
1154 2760 1258 2825 ΙΙΙ
1307 2761 1548 2844 statuit,
1594 2768 1666 2825 ut
1697 2762 1868 2826 omni
1903 2761 2223 2826 dominico
2272 2762 2376 2828 die
2423 2785 2462 2826 a
2493 2770 2743 2848 septem
2777 2762 3098 2847 episcopis
3129 2760 3558 2828 cardinalibus

657 2864 1199 2947 hebdomadariis,
1248 2866 1355 2950 qui
1404 2865 1468 2928 in
1511 2863 1785 2930 ecclesia
1817 2864 2171 2931 Salvatoris
2202 2866 2564 2944 observant,
2612 2867 2949 2932 missarum
2996 2866 3336 2932 sollemnia
3365 2886 3559 2951 super

660 2971 862 3037 altare
911 2969 970 3033 b.
1008 2969 1184 3036 Petri
1233 2968 1641 3036 celebrentur
1686 2976 1752 3034 et
1797 2968 2045 3036 ‘Gloria
2091 2972 2154 3035 in
2201 2970 2476 3037 excelsis
2522 2967 2687 3037 Deo’
2735 2969 3042 3036 edicatur.

869 3080 1050 3137 Laud.
1090 3080 1151 3135 in
1186 3081 1309 3134 Vita
1344 3080 1612 3150 Stephani
1652 3082 1759 3138 ΙΙΙ
1789 3083 1936 3153 (Lib.
1966 3084 2173 3155 pontis.
2209 3082 2283 3137 ed.
2323 3082 2612 3138 Ducheanc
2647 3086 2683 3137 Ι
2705 3086 2844 3150 4ΐ8).
2882 3113 2950 3122 —-
2989 3082 3115 3152 Ray.
3140 3083 3260 3138 JE.
3298 3114 3380 3138 —.

1075 3177 1156 3234 De
1191 3178 1299 3234 hoc
1333 3177 1559 3234 decreto
1596 3176 1667 3233 cf.
1702 3177 1976 3234 Bar-onius
2014 3181 2155 3234 Anu.
2192 3178 2265 3234 ad
2303 3196 2354 3234 a.
2393 3179 2496 3235 769
2534 3197 2580 3234 c.
2612 3181 2694 3235 1⁴2.
2764 3177 3052 3234 Cohellius
3088 3196 3142 3250 p.
3169 3178 3217 3232 7.
3287 3175 3562 3234 Habillon

870 3262 1009 3319 Mne.
1036 3262 1158 3319 ital.
1186 3262 1238 3318 11
1278 3281 1331 3334 p.
1358 3262 1643 3334 xxlqu.
1702 3259 1899 3334 Giorgi
1938 3262 1991 3317 11
2029 3280 2086 3335 p.
2112 3261 2190 3318 IV
2206 3280 2286 3334 sq.
2359 3260 2601 3333 Phillipe
2624 3261 2704 3316 VI
2735 3263 2851 3321 171.
2877 3265 3027 3320 204:
3068 3259 3368 3320 Hinschius
3399 3263 3564 3319 1328.

818 3389 834 3404 .
869 3348 1099 3422 Langen
1136 3347 1336 3406 Geseh.
1373 3349 1472 3405 der
1506 3355 1645 3405 rome
1667 3348 1873 3405 Kirche
1914 3349 1963 3404 11
1993 3349 2113 3407 702.
2183 3349 2502 3422 Sagmfiller
2533 3368 2588 3421 p.
2623 3352 2703 3405 12.

665 3472 705 3528 θ’
3287 3466 3477 3548 (853)

662 3573 819 3637 Leo
854 3571 947 3634 lv
982 3571 1323 3656 episcopis,
1372 3570 1764 3655 presbyteris
1810 3577 1876 3635 et
1918 3570 2216 3636 universo
2250 3569 2452 3635 clero:
2503 3572 2838 3655 praecipit.
2885 3577 2957 3635 ut
3001 3572 3062 3634 in
3111 3592 3226 3635 sua
3271 3570 3564 3636 absentia

665 3696 783 3741 nec
828 3674 1300 3740 ecclesiasticus
1359 3695 1476 3740 nec
1532 3674 1851 3759 palatinus
1907 3673 2065 3738 ordo
2126 3671 2411 3758 deficiat,
2473 3673 2589 3739 sed
2646 3675 3005 3740 constitutis
3060 3673 3287 3740 diebus
3340 3694 3565 3740 omnes

666 3780 915 3845 nobiles
947 3779 1031 3845 ad
1064 3779 1502 3843 Lateranense
1534 3777 1847 3864 palatium
1880 3783 2213 3844 recurrant
2257 3787 2326 3843 et
2356 3777 2813 3865 quaerentibus
2846 3799 2919 3843 nc
2951 3776 3319 3865 petentibus
3347 3777 3562 3864 legem

668 3907 743 3950 ac
786 3884 1102 3949 iusticiam
1150 3883 1409 3948 faciant.
1459 3918 1541 3928 —
1588 3881 2031 3966 Praecipimus
2079 3890 2164 3946 ut.

881 3994 1008 4050 Gall.
1037 3993 1193 4049 Bria.
1220 3993 1425 4050 Leonis
1462 3993 1558 4047 IV
1586 4009 1662 4062 cp.
1691 4001 1768 4047 23.
1808 4021 1874 4031 —-
1912 3991 2020 4048 Ed.
2061 3992 2218 4048 Mon.
2266 3993 2439 4049 Ger-nc.
2472 3993 2617 4062 Epp.
2661 3992 2706 4045 V
2736 4002 2840 4047 599
2878 4011 2929 4048 n.
2961 3999 3040 4048 23.
3081 4025 3145 4032 -—
3185 3993 3346 4064 Rem.
3372 3990 3568 4048 meam

666 4083 728 4135 iu
764 4081 836 4137 N.
863 4081 1067 4135 Archiv
1103 4079 1155 4134 V
1172 4087 1289 4135 387.
1311 4079 1422 4135 JE.
1449 4087 1592 4135 2633.

1087 4177 1158 4232 cf.
1193 4197 1246 4232 n.
1273 4177 1321 4232 8.

672 4271 712 4328 7
3112 4261 3269 4342 (865
3312 4261 3482 4337 iau.)

670 4370 1046 4436 Nicolaus
1089 4371 1120 4434 Ι
1168 4393 1214 4434 s.
1251 4370 1607 4435 catholicae
1656 4368 1813 4434 eccl.
1845 4365 2184 4433 Romanae
2232 4367 2572 4453 episcopis,
2619 4367 3012 4452 presbyteris
3057 4373 3123 4431 et
3170 4364 3457 4431 diaconis
3501 4370 3568 4429 et

673 4482 938 4541 cunctae
1001 4475 1065 4539 in
1124 4474 1382 4540 Christo
1448 4472 1858 4559 generalitati
1925 4470 2263 4537 Roma-nae
2331 4469 2572 4556 plebis:
2639 4469 2925 4536 Rothadi
2994 4491 3095 4556 ep.
3158 4468 3564 4534 Suessionen.

673 4580 1144 4646 restitutionem
1190 4579 1477 4662 exponit.

1087 4691 1158 4744 cf.
1193 4689 1328 4761 neg.
1366 4688 1414 4742 J.
1442 4689 1594 4746 2097.
1632 4688 1727 4742 ω
1760 4688 1913 4741 2782.

674 4788 717 4840 ὅ
3121 4773 3483 4853 (872-82)

676 4879 1065 4947 ‘Iohannes
1098 4881 1265 4946 vlu
1315 4881 1597 4962 inundat,
1645 4878 2052 4970 [cardinales]
2098 4880 2163 4943 in
2211 4900 2429 4943 mense
2464 4878 2563 4943 vel
2614 4900 2692 4944 eo
2726 4878 3001 4963 amplius
3031 4876 3135 4942 vel
3176 4875 3349 4962 apud
3389 4875 3565 4941 illum

677 4988 780 5054 vel
825 4985 1005 5052 illum
1056 4987 1307 5052 titulum
1356 4984 1487 5050 sive
1543 4985 1714 5072 apud
1763 4985 1937 5050 illam
1986 4983 2089 5048 vel
2137 4982 2311 5048 illam
2360 4982 2721 5048 diaconiam
2770 4983 2902 5046 sive
2951 4979 3122 5068 apud
3170 4979 3330 5045 alias
3377 5001 3567 5065 quas-

676 5091 837 5157 libet
894 5090 1202 5156 ecclesias
1266 5089 1634 5166 convenire;
1698 5088 1797 5154 bis
1855 5089 1920 5153 in
1977 5085 2391 5154 hebdomada
2443 5085 2528 5151 ad
2593 5091 3068 5152 sacrosanctum
3126 5083 3439 5170 palatium
3485 5083 3570 5148 ad

680 5195 1057 5264 clericorum
1117 5194 1249 5260 sive
1308 5193 1617 5258 laieorum
1675 5193 2108 5281 querimonias
2168 5188 2565 5255 definiendas
2620 5190 2801 5254 iuxta
2864 5189 3128 5254 decreta
3179 5187 3418 5253 Leonis
3474 5186 3570 5252 IV
