4065 6049
848 418 931 477 60
2201 409 2395 466 Roma.

848 588 1264 674 Spicilegium
1331 588 1396 652 in
1442 587 1582 652 cod.
1626 586 1775 651 Vat.
1816 586 1926 650 lat.
1971 590 2137 652 8054
2204 585 2314 670 (cf.
2363 583 2539 651 (ἔδει.
2587 585 2819 651 Nachr.
2878 588 3041 650 1903
3087 606 3147 669 p.
3195 587 3298 649 23.
3356 583 3485 669 25).
3588 584 3733 650 Una

848 693 1156 757 Celestini
1214 692 1319 756 III
1387 691 1564 756 bulla
1623 691 1819 776 priori
1878 697 1946 757 et
2015 691 2346 756 monachis
2401 712 2707 756 concessa
2771 691 2859 773 (n.
2894 688 2963 775 3)
3029 690 3158 754 iam
3225 709 3393 754 saec.
3439 688 3604 754 XIV
3669 690 3731 752 in

846 796 1105 862 archivo
1151 797 1602 861 canonicorum
1660 818 1709 860 s.
1765 794 2071 859 Iohannis
2123 795 2578 861 Lateranensis
2630 792 3121 877 adservabatur,
3187 791 3296 857 ubi
3362 790 3575 857 adhuc
3636 799 3734 859 est

845 901 955 987 (cf.
1001 899 1176 966 Eccl.
1224 921 1273 964 s.
1321 899 1628 964 Iohannis
1671 900 1736 963 in
1780 896 2156 984 Laterano).

1051 1090 1103 1144 A
1153 1111 1218 1136 =
1256 1088 1408 1159 Orig.
1449 1088 1626 1144 Roma
1663 1087 1827 1143 Arch.
1864 1086 2177 1159 capitolare
2214 1086 2272 1144 di
2306 1086 2357 1142 S.
2384 1086 2662 1143 Giovanni
2698 1086 2757 1142 in
2796 1087 3090 1145 Laterano.

1054 1177 1102 1231 0
1149 1198 1214 1222 =
1253 1174 1418 1231 Liber
1453 1173 1656 1230 iurium
1694 1174 1831 1230 eccl.
1867 1174 2213 1240 Lateranen„
2249 1193 2292 1229 s.
2330 1173 2479 1241 XIV,
2516 1174 2592 1231 ib.
2627 1174 2701 1244 (A
2737 1173 2981 1244 Lxxv).

1052 1262 1113 1319 F
1141 1285 1206 1309 =
1243 1259 1624 1358 Inventarium
1648 1278 1745 1316 seu
1769 1260 2134 1331 repertorium
2163 1261 2489 1318 Later-auen.
2525 1260 2658 1317 eccl.
2684 1263 2911 1316 auctore
2935 1259 3233 1316 Antonello
3258 1277 3380 1315 can.
3406 1260 3728 1316 Lateranen.

1052 1434 1118 1489 K
1146 1457 1213 1483 --=
1250 1346 2001 1490 {ibgffirsrffmhiogbilium
2037 1434 2176 1491 eccl.
2214 1434 2561 1500 Lateranen„
2596 1453 2639 1489 s.
2676 1431 2850 1499 xvn,
2888 1432 2965 1489 ib.
3000 1432 3111 1501 (FF
3150 1432 3343 1502 XXV).

840 1610 922 1674 *1
1703 1632 1706 1635 ⁴
3411 1610 3647 1694 (1195)

842 1715 1296 1782 Celestinus
1342 1712 1466 1776 III
1530 1711 1794 1797 delegat
1848 1710 2215 1777 Guidonem
2280 1713 2374 1777 tit.
2418 1734 2470 1778 s.
2518 1712 2765 1778 Mariae
2823 1712 3316 1798 Transtiberim,
3361 1713 3730 1780 Fidantium

842 1821 936 1884 tit.
995 1842 1044 1883 s.
1091 1816 1383 1883 Marcelli
1437 1824 1505 1881 et
1547 1815 1904 1880 Iohannem
1962 1814 2057 1879 tit.
2106 1837 2155 1879 s.
2203 1815 2464 1881 Priscae
2524 1814 2734 1901 presb.
2776 1815 2995 1905 eard„
3057 1822 3128 1881 ut
3192 1823 3585 1901 cognoscant
3648 1815 3728 1881 de

845 1945 1039 1988 causa
1083 1921 1538 2008 appellationis
1583 1921 1750 1985 inter
1776 1918 2156 1985 Roffredam
2203 1921 2469 2005 eiusque
2517 1925 2846 1985 consortes
2889 1926 2957 1985 et
2999 1919 3302 2005 Egidium
3347 1940 3727 2005 yconomum

841 2048 889 2090 s.
935 2026 1265 2092 Laurentii
1325 2025 1766 2110 Panispernae
1820 2045 2015 2110 super
2059 2026 2378 2091 sententia
2421 2025 2555 2089 lata
2597 2023 2681 2088 ab
2729 2023 3005 2089 Oddone
3049 2024 3162 2110 (de
3219 2024 3465 2109 Insula)
3514 2023 3728 2089 dativo

840 2128 1049 2195 iudice
1096 2129 1178 2194 de
1226 2128 1425 2193 tribus
1469 2129 1660 2214 petiis
1706 2134 1916 2193 terrae
1963 2150 2099 2213 pos.
2146 2130 2211 2193 in
2258 2135 2406 2195 terr.
2439 2127 2793 2194 Albanensi
2835 2128 2978 2194 loco
3025 2151 3086 2213 q.
3121 2127 3181 2193 d.
3216 2128 3444 2194 Oliarii
3489 2135 3558 2194 et
3598 2128 3726 2192 alio

840 2234 1015 2319 petio
1062 2238 1272 2298 terrae
1316 2253 1455 2317 pos.
1502 2233 1567 2296 in
1613 2230 2035 2298 Oaccabellis.

1049 2343 1231 2399 lma.
1269 2342 1334 2397 in
1365 2360 1422 2398 a.
1448 2350 1496 2398 2.
1532 2372 1593 2384 -
1633 2341 1888 2414 man..
1924 2374 2009 2399 -.

765 2668 774 2679 ο
836 2486 1052 2652 guido
1106 2611 1156 2653 s.
1202 2588 1450 2654 Mariae
1507 2587 2000 2672 Transtiberim,
2059 2587 2453 2675 F(idantius)
2508 2612 2556 2653 s.
2613 2589 2936 2673 Marcelli,
2991 2486 3416 2655 Iohannbffi.
3440 2484 3725 2652 dgerisdae

838 2691 1048 2777 presb.
1076 2693 1247 2758 card.
1279 2713 1406 2757 una
1437 2714 1579 2757 cum
1612 2693 1876 2758 Persico
1907 2693 2118 2758 iudice
2150 2693 2608 2759 Beneventano
2643 2715 2727 2759 ex
2758 2693 3166 2779 delegatione
3198 2693 3576 2760 Celestini
3608 2691 3724 2755 III

837 2806 931 2878 (n.
966 2799 1035 2879 1)
1080 2802 1473 2883 cognoscunt
1516 2797 1597 2862 de
1644 2818 1840 2863 causa
1882 2798 2340 2883 appellationis
2384 2803 2458 2863 ut
2505 2799 2574 2863 in
2617 2820 2680 2863 n.
2717 2803 2774 2862 1.

1044 2907 1240 2963 quen.
1275 2907 1340 2962 in
1374 2926 1429 2964 n.
1450 2914 1497 2964 3.
1535 2937 1601 2948 —-
1641 2908 1770 2978 Ray.
1795 2908 1900 2964 JL.
1923 2937 2005 2964 —-.

837 3052 883 3111 3
2815 3049 3136 3116 Laterano
3182 3048 3352 3112 1195
3396 3049 3525 3114 dec.
3560 3049 3642 3112 15

839 3153 1279 3218 Celestinus
1324 3155 1443 3218 III
1489 3155 1762 3221 Iohanni
1806 3156 2003 3242 priori
2049 3164 2118 3222 et
2161 3155 2490 3221 monachis
2544 3179 2593 3221 s.
2640 3156 2975 3222 Laurentii
3017 3155 3513 3240 Panispernen.:
3575 3173 3723 3217 con-

835 3258 1047 3321 firmat
1091 3260 1473 3323 sententiam
1527 3258 1609 3324 ab
1656 3259 1930 3326 Oddone
1977 3260 2195 3325 dativo
2249 3259 2461 3325 iudice
2507 3282 2701 3346 super
2752 3258 3133 3346 quibusdam
3202 3259 3388 3323 terris
3443 3257 3724 3342 promul-

835 3366 1055 3444 gatam
1102 3369 1170 3427 et
1213 3384 1254 3427 a
1299 3360 1597 3428 Gnidone
1655 3366 1748 3429 tit.
1805 3388 1854 3428 s.
1903 3366 2149 3431 Mariae
2195 3363 2689 3450 Transtiberim‚
2734 3364 3035 3430 Fidantio
3082 3362 3177 3427 tit.
3226 3384 3275 3426 s.
3322 3360 3617 3427 Marcelli
3660 3367 3728 3425 et

835 3464 1121 3531 Iohanne
1185 3467 1280 3531 tit.
1339 3488 1388 3530 s.
1435 3465 1695 3532 Priscae
1763 3466 1974 3552 presb.
2034 3467 2207 3533 card.
2262 3489 2391 3531 una
2459 3488 2603 3532 cum
2669 3468 2932 3533 Persico
2999 3465 3210 3530 indice
3263 3465 3723 3531 Beneventano

834 3568 1273 3634 confirmatam
1318 3570 1412 3653 (n.
1444 3571 1537 3654 2).
1583 3610 1665 3618 —
1720 3570 2169 3646 Quarumlibet
2213 3570 2590 3636 decisiones.
2678 3571 2828 3637 Dat.
2888 3572 3032 3636 Lat.
3085 3573 3163 3636 18
3195 3568 3327 3633 kal.
3374 3569 3501 3633 ian.
3547 3572 3721 3653 pont.

835 3694 893 3737 n.
941 3694 999 3737 a.
1047 3678 1106 3738 5.
1165 3675 1170 3680 '

1040 3784 1107 3838 A.
1135 3784 1378 3854 [Cfi68.
1408 3783 1656 3852 Ffiws.
1684 3785 1806 3853 ΚΓ.
1832 3788 1942 3857 43].
1979 3815 2047 3826 -
2083 3784 2188 3842 Ed.
2218 3784 2569 3842 &wambani
2592 3784 2849 3842 Historia
2882 3784 3225 3841 dellachiaa
3260 3783 3321 3839 di
3359 3784 3416 3841 S.
3452 3783 3725 3841 Giovanm·

833 3873 1020 3926 avanh'
1048 3878 1216 3942 porta
1252 3871 1464 3927 Latina
1489 3889 1549 3942 p.
1576 3878 1684 3928 218.
1723 3902 1788 3913 —
1829 3872 1956 3943 Rey.
1993 3872 2101 3928 JL.
2130 3901 2210 3927 —.

1414 4173 1736 4243 Ecclesia
1780 4192 1840 4242 s.
1890 4175 2165 4262 cyriaci
2210 4176 2287 4242 in
2330 4173 2639 4242 thermis
2687 4174 3141 4245 Diocletlanl.

1041 4314 1258 4369 Lnbin
1295 4333 1349 4384 p.
1386 4315 1505 4371 334.
1541 4346 1608 4354 —
1647 4315 1897 4371 Piazza
1933 4334 1986 4384 p.
2022 4314 2143 4371 531.
2192 4344 2245 4354 -
2292 4314 2486 4370 Franc.
2525 4314 2943 4371 Cancellieri
2992 4316 3259 4373 Memorie
3293 4315 3539 4373 storiche
3575 4315 3722 4372 della

833 4399 1026 4456 chiesa
1063 4400 1121 4455 di
1160 4402 1212 4456 S.
1251 4401 1469 4457 Ciriaco
1507 4405 1613 4457 etc.
1662 4400 1720 4455 in
1756 4402 1874 4457 cod.
1912 4402 2043 4458 Vat.
2081 4401 2182 4458 lat.
2217 4401 2530 4458 9160-61.
2568 4430 2635 4442 —
2685 4401 2992 4459 Adinolfi
3026 4402 3079 4457 ΙΙ
3114 4404 3328 4474 2648ᾳ.
3364 4434 3431 4445 -
3486 4403 3722 4458 Armel·

833 4485 974 4541 lini
1017 4490 1033 4522 ¹
1059 4506 1114 4557 p.
1143 4487 1266 4553 189;
1305 4492 1327 4523 ¹
1356 4507 1410 4558 p.
1434 4488 1538 4545 819
1565 4507 1646 4558 sq.

1046 4662 1340 4727 Ecclesia
1394 4663 1585 4748 haec,
1653 4665 1783 4728 iam
1844 4666 2193 4750 antiquitus
2246 4666 2413 4730 inter
2471 4665 2689 4730 titulos
2733 4664 3057 4752 adscripta
3112 4665 3221 4751 (cf.
3267 4664 3615 4732 Duchesne
3658 4667 3721 4730 in

832 4766 1167 4852 Melanges
1197 4765 1330 4831 VII
1376 4767 1553 4852 224),
1600 4773 1958 4834 restaurata
1997 4769 2118 4833 fuit
2149 4768 2231 4833 ab
2261 4769 2594 4835 Hadriano
2627 4770 2659 4834 I
2703 4768 2873 4854 (Lib.
2906 4771 3131 4856 pontif.
3180 4768 3281 4836 ed.
3313 4768 3658 4835 Duchesne
3688 4768 3720 4832 I

834 4869 992 4957 507)
1036 4877 1231 4956 atque
1279 4869 1462 4935 donis
1508 4877 1697 4937 aucta
1741 4894 1780 4937 a
1823 4874 2045 4939 Leone
2089 4873 2195 4937 III
2240 4871 2310 4958 (l.
2359 4894 2412 4938 c.
2461 4874 2529 4937 II
2580 4879 2677 4939 11.
2724 4876 2827 4938 21.
2875 4873 3007 4960 32),
3054 4896 3096 4940 a
3124 4873 3438 4940 Paschale
3485 4873 3520 4938 I
3563 4873 3633 4958 (l.
3665 4894 3716 4937 c.

832 4974 901 5039 ΙΙ
948 4973 1081 5058 60),
1138 4996 1177 5038 a
1228 4973 1545 5059 Gregorio
1592 4974 1691 5041 IV
1747 4976 1817 5058 (l.
1866 4999 1920 5042 c.
1967 4976 2037 5040 Π
2084 4977 2195 5062 77)
2243 4983 2310 5043 et
2354 4999 2394 5042 a
2447 4977 2800 5043 Benedicto
2847 4978 2951 5042 III
3013 4978 3084 5063 (l.
3130 5000 3184 5044 c.
3215 4978 3283 5042 II
3334 4976 3506 5062 146).
3596 4977 3716 5043 Ur-

832 5076 1035 5141 banus
1080 5077 1149 5141 II
1217 5100 1274 5142 a.
1330 5082 1483 5143 1091
1555 5101 1603 5142 s.
1652 5079 1902 5163 Cyriaci
1971 5080 2313 5144 ecclesiam
2371 5086 2439 5145 et
2497 5081 2749 5145 titulum
2818 5104 2866 5144 s.
2910 5082 3227 5165 Brunoni,
3295 5082 3716 5148 Cartusiensis

834 5181 1071 5247 ordinis
1101 5180 1443 5267 fundatori,
1475 5184 1808 5268 concessit,
1843 5186 2044 5269 „utin
2075 5205 2153 5250 eo
2185 5184 2328 5249 loco
2360 5183 2561 5250 libere
2606 5192 2674 5250 et
2717 5184 2958 5271 absque
3002 5186 3272 5271 strepitu
3315 5187 3532 5252 curiae
3576 5206 3714 5251 cum
