4065 6049
752 542 874 604 190
2097 535 2292 593 Roma.

746 715 824 777 *1
3186 718 3312 779 113
3355 718 3526 778 -43

747 818 1281 883 Innocentius
1325 816 1393 880 11
1439 816 1703 902 delegat
1746 818 2036 881 Leonem
2082 817 2262 882 Petri
2308 819 2547 883 Leonis
2602 825 2668 883 et
2712 818 2977 884 Petrum
3023 721 3222 885 filiuin
3270 719 3407 885 ei‘ils
3450 719 3639 905 prae-

746 923 918 988 sides
962 922 1237 986 civitatis
1282 919 1598 985 Sutrinae.

957 1032 1138 1087 Laud.
1172 1032 1237 1085 in
1269 1030 1459 1085 cham
1499 1030 1809 1100 oaoeiazupt·
1845 1031 2107 1086 Sutrium
2141 1033 2371 1087 civetates
2403 1032 2601 1088 iudicis
2636 1041 2842 1089 a.1142
2874 1034 2989 1090 ian.
3027 1034 3128 1103 (αι.
3168 1035 3459 1089 mittarelli
3493 1037 3642 1091 mm.

757 1121 997 1176 samam,
1024 1120 1135 1174 111
1160 1119 1308 1189 App.
1325 1135 1384 1187 p.
1409 1124 1511 1191 πρ
1544 1135 1600 1175 n.
1625 1120 1757 1189 257).
1796 1150 1863 1159 -
1904 1118 2031 1188 Roy-
2067 1120 2174 1175 αι.
2212 1151 2293 1177 -.

1132 1215 1201 1269 cf.
1239 1213 1478 1281 Latium,
1516 1214 1684 1270 Sutri.
1734 1247 1798 1256 —
1836 1215 2058 1273 Mortuo
2094 1216 2370 1270 Anacleto
2408 1216 2486 1282 11,
2535 1217 2924 1275 Innocentium
2961 1218 3010 1271 11
3063 1218 3207 1273 filios
3252 1219 3406 1274 Petri
3442 1218 3645 1273 Leonis

958 1302 1229 1357 immensa
1264 1303 1504 1372 pecunia
1538 1301 1676 1357 data
1712 1303 1785 1357 ad
1819 1321 1975 1357 suam
2014 1308 2233 1374 partem
2270 1304 2587 1370 attraxisse,
2626 1305 2821 1360 Petrus
2848 1304 3104 1361 casinen.
3141 1305 3198 1359 in
3226 1305 3427 1361 Chron.
3453 1311 3647 1361 narrat

963 1392 1132 1458 (Mon.
1169 1391 1351 1446 Germ.
1389 1390 1503 1444 Scr.
1539 1390 1648 1444 VII
1682 1391 1836 1459 844);
1883 1394 1943 1446 et
1977 1409 2044 1446 ex
2082 1410 2125 1447 s.
2160 1391 2427 1447 Bernardi
2468 1391 2713 1462 epistola
2759 1394 2867 1461 (ed.
2905 1392 3182 1448 Mabillon
3224 1411 3313 1463 ep.
3339 1392 3463 1460 320)
3500 1410 3646 1446 com·

960 1479 1230 1548 perimus,
1267 1495 1320 1532 a.
1347 1478 1480 1531 1138
1531 1476 1659 1531 mai.
1685 1478 1751 1531 29
1797 1476 1941 1532 filios
1986 1477 2141 1532 Petri
2189 1478 2388 1533 Leonis
2434 1496 2624 1533 omnes
2669 1479 2833 1535 simul
2884 1479 3212 1535 humiliasse
3256 1497 3315 1535 se
3359 1480 3431 1534 ad
3475 1479 3648 1549 pedes

962 1581 1148 1635 papae
1185 1568 1244 1619 et
1278 1565 1460 1619 factos
1497 1582 1615 1619 esse
1651 1564 1903 1619 homines
1938 1563 2058 1620 eius
2094 1564 2279 1635 ligios.

1781 1842 1970 1911 Gens
2015 1840 2223 1909 Petri
2269 1841 2631 1913 Latronis.

974 1984 1229 2048 Primus
1274 1982 1507 2047 Petrus
1550 1983 1850 2047 Latronis
1894 2002 1977 2047 ex
2021 1988 2249 2066 gente,
2297 1988 2368 2046 ut
2423 1981 2704 2065 videtur,
2761 1982 3141 2057 Corsorum,
3201 1983 3474 2047 occurrit
3526 1982 3646 2046 sub

758 2088 1021 2153 Gelasio
1067 2087 1168 2170 II,
1230 2107 1423 2172 quem
1468 2086 1655 2150 Pisas
1709 2086 2064 2171 fugientem
2119 2087 2460 2150 comitatus
2522 2093 2622 2149 est
2665 2084 2835 2170 (Lib.
2881 2085 3107 2170 pontif.
3155 2085 3257 2150 ed.
3302 2086 3647 2152 Duchesne

757 2192 825 2256 11
874 2195 1019 2256 315.
1067 2190 1240 2275 317).
1331 2190 1776 2254 Innocentium
1821 2190 1890 2253 Π
1934 2190 2335 2254 sollemniter
2378 2191 2443 2253 in
2486 2188 2732 2254 Urbem
2777 2191 3120 2254 intrantem
3167 2210 3223 2253 a.
3265 2193 3426 2256 1133
3475 2191 3647 2255 idem

756 2296 989 2360 Petrus
1018 2294 1319 2359 Latronis
1363 2294 1664 2359 salutavit
1709 2294 1777 2378 (l.
1812 2314 1865 2358 c.
1899 2293 1968 2357 11
2000 2293 2175 2380 382),
2224 2315 2417 2379 quem
2462 2294 2525 2357 in
2558 2293 2899 2358 schismate
2932 2294 3229 2358 Anacleti
3259 2293 3328 2356 Π
3371 2294 3650 2359 fideliter

757 2398 1091 2465 Ecclesiae
1147 2405 1364 2485 partes
1422 2399 1824 2484 sustinuisse,
1892 2400 2030 2483 ipse
2098 2398 2511 2463 Innocentius
2556 2397 2626 2461 11
2691 2399 2756 2461 in
2808 2398 3146 2484 privilegio
3214 2420 3329 2462 suo
3384 2420 3444 2463 a.
3484 2404 3649 2464 1140

760 2512 884 2569 oct.
917 2508 997 2567 27
1055 2503 1304 2568 clericis
1361 2525 1410 2567 s.
1444 2502 1752 2587 Stephani
1814 2503 2069 2568 rotundi
2125 2523 2428 2567 concesso
2493 2502 2799 2567 laudavit.
2912 2504 3040 2568 Pro
3100 2504 3399 2587 pecunia,
3456 2524 3649 2587 quam

759 2608 906 2672 huic
951 2609 1235 2693 pontifici
1281 2613 1703 2693 mutuaverat,
1751 2614 2030 2672 castrum
2062 2606 2238 2691 Saxi,
2271 2606 2615 2673 Civitatem
2646 2613 2953 2690 veterem,
2987 2605 3293 2671 Gobitam
3339 2612 3407 2672 et
3436 2609 3650 2672 casale

760 2734 821 2797 q.
869 2712 930 2777 d.
963 2712 1250 2798 Vulgare
1317 2713 1382 2775 in
1445 2713 1674 2798 pignus
1740 2719 1809 2777 et
1874 2711 2138 2777 feudum
2207 2713 2467 2795 recepit.
2582 2711 2791 2776 Huius
2852 2712 3031 2776 Petri
3090 2712 3392 2776 Latronis
3460 2712 3648 2793 filius,

760 2818 992 2882 Petrus
1036 2817 1336 2881 Latronis
1383 2822 1450 2880 et
1494 2817 1658 2900 ipse,
1705 2817 2023 2881 invenitur
2069 2815 2184 2879 sub
2229 2815 2522 2900 Eugenio
2569 2814 2701 2900 III,
2768 2817 2874 2900 qui
2922 2836 3068 2879 cum
3113 2836 3427 2881 consensu
3469 2815 3652 2880 Petri

759 2922 1058 2985 Latronis
1144 2920 1472 3005 Nepesino
1555 2920 1944 2985 monasterio
2026 2920 2381 2985 Fallerensi
2469 2919 2794 3003 quandam
2881 2926 3121 2985 terram
3204 2920 3466 2985 donavit
3538 2919 3649 3005 (cf.

762 3024 1078 3090 Hadriani
1109 3024 1206 3091 IV
1250 3024 1655 3110 privilegium
1702 3047 1758 3091 a.
1801 3030 1960 3089 1155
2007 3026 2133 3091 ian.
2174 3028 2250 3089 12
2297 3024 2417 3089 JL.
2465 3023 2686 3109 9978),
2734 3030 2801 3089 et
2844 3022 2960 3089 sub
2992 3024 3327 3090 Hadriano
3360 3024 3457 3089 IV
3486 3026 3653 3089 Inter

763 3137 961 3195 testes
1017 3131 1082 3193 in
1137 3131 1556 3194 instrumento
1617 3150 1674 3193 a.
1715 3131 1877 3193 1159
1932 3129 2113 3215 april.
2152 3134 2186 3193 7
2248 3128 2447 3215 (apud
2493 3128 2802 3193 Cencium
2847 3151 2901 3194 c.
2940 3135 3058 3194 114
3117 3130 3219 3195 ed.
3267 3128 3652 3194 Fabre-Du-

764 3234 998 3299 chesne
1030 3234 1064 3297 I
1096 3233 1271 3320 396),
1317 3240 1384 3298 et
1428 3256 1486 3298 a.
1528 3237 1687 3298 1167
1737 3241 2032 3298 strenuus
2078 3232 2380 3298 defensor
2409 3234 2702 3301 Civitatis
2729 3236 2966 3300 veteris
3011 3241 3235 3299 contra
3264 3232 3653 3298 Rainaldum

763 3338 1075 3403 Friderici
1119 3338 1153 3401 Ι
1212 3337 1692 3422 cancellarium,
1752 3338 2074 3403 exercitus
2129 3338 2479 3423 imperialis
2534 3338 2783 3404 ducem.
2882 3338 3009 3403 Hic
3063 3338 3297 3403 Petrus
3353 3338 3655 3402 Latronis

764 3442 925 3506 duos
1000 3442 1166 3506 filios
1245 3441 1501 3519 habuit,
1577 3441 1841 3507 Petrum
1909 3443 2209 3507 Latronis
2276 3450 2342 3508 et
2411 3443 2782 3528 Oddonem,
2852 3443 3105 3507 circiter
3175 3464 3232 3508 a.
3296 3446 3458 3507 1177
3515 3462 3651 3506 me-

764 3552 1067 3611 moratos.

979 3650 1252 3715 Praeter
1308 3650 1419 3715 illa
1478 3656 1687 3715 castra
1746 3650 1938 3736 Saxi,
1993 3650 2288 3716 Civitatis
2331 3653 2600 3735 veteris,
2649 3650 2927 3717 Gobitae
2982 3656 3050 3715 et
3104 3651 3334 3715 casalis
3364 3650 3655 3734 Vulgare

765 3755 998 3819 Petrus
1042 3755 1341 3819 Latronis
1386 3754 1591 3820 Caere
1651 3777 1906 3840 quoque
1952 3763 2230 3819 castrum
2276 3754 2356 3820 ab
2403 3756 2679 3821 ecclesia
2724 3756 3019 3820 Romana
3065 3757 3304 3840 tenuit,
3359 3761 3430 3820 ut
3474 3761 3657 3839 patet

767 3881 848 3923 ex
893 3858 1130 3923 Albino
1179 3866 1245 3924 et
1289 3859 1526 3924 Cencio
1572 3858 1703 3944 (ed.
1735 3858 2325 3924 Fabre-Duchesne
2371 3859 2405 3923 Ι
2458 3866 2562 3937 10;
2609 3860 2676 3924 11
2730 3860 2907 3946 109);

1286 3964 1557 4047 „Petrus
1600 3965 1798 4028 Latro
1844 3964 1914 4027 H
1955 3962 2394 4029 morabutinos
2438 3986 2554 4050 pro
2598 3970 2810 4029 castro
2856 3964 3083 4029 Cere.“

767 4065 896 4131 Sed
942 4067 1347 4153 privilegium
1394 4067 1476 4132 de
1521 4088 1591 4132 re
1638 4068 2057 4134 desideratur.

980 4224 1168 4288 Unici
1215 4223 1612 4307 documenti,
1659 4223 1828 4308 quod
1875 4223 2218 4310 habemus,
2266 4224 2735 4310 autographum
2782 4230 2995 4289 exstat
3038 4225 3102 4288 in
3149 4224 3406 4289 archivo
3463 4225 3658 4287 castri

768 4350 816 4392 s.
850 4328 1087 4414 Angeli
1132 4330 1397 4413 eiusque
1444 4328 1886 4414 apographum
1932 4330 1995 4392 in
2042 4329 2263 4394 Cencii
2307 4329 2449 4393 Lib.
2498 4350 2665 4393 cens.
2714 4326 2778 4392 S.
2813 4327 2890 4393 R.
2923 4328 2999 4393 E.

974 4487 1028 4540 A
1068 4508 1132 4531 =
1170 4483 1323 4554 Orig.
1361 4484 1538 4540 Roma
1574 4484 1739 4539 Arch.
1767 4483 1897 4540 Vat.
1935 4486 2085 4541 Arm.
2112 4484 2245 4539 XIII
2283 4503 2328 4542 c.
2356 4486 2435 4539 111
2474 4505 2528 4541 n.
2554 4487 2605 4540 2.
2858 4557 2871 4560 -

769 4582 848 4646 *1
3165 4583 3570 4663 (1133-43)

768 4687 1282 4752 Innocentius
1312 4687 1381 4750 ΙΙ
1426 4686 1722 4751 concedit
1767 4686 1965 4751 Petro
2010 4687 2311 4751 Latronis
2364 4686 2803 4772 privilegium,
2863 4708 2989 4770 quo
3036 4687 3096 4750 ei
3141 4708 3258 4771 pro
3304 4690 3432 4751 200
3478 4683 3657 4749 libris

773 4792 918 4856 den.
964 4792 1231 4877 Papien.
1281 4793 1344 4855 in
1390 4791 1619 4876 pignus
1682 4797 1748 4856 et
1803 4791 2185 4856 beneficium
2232 4791 2345 4855 dat
2389 4797 2667 4856 castrum
2713 4790 2899 4875 Saxi,
2956 4791 3304 4856 Civitatem
3347 4796 3656 4873 veterem,

772 4895 1076 4960 Gobitam
1123 4901 1190 4959 et
1233 4896 1448 4961 casale
1495 4918 1554 4980 q.
1589 4895 1650 4959 d.
1683 4896 1989 4979 Vulgare.

974 5007 1161 5061 Laud.
1196 5008 1259 5061 in
1292 5023 1348 5062 n.
1375 5015 1423 5061 4.
1460 5038 1527 5048 -
1565 5007 1694 5077 Βερ.
1732 5006 1841 5062 JL.
1882 5038 1960 5063 —.
3634 5069 3639 5073 ,

770 5105 852 5169 *2
3168 5102 3571 5187 (1177-81)

771 5209 1225 5274 Alexander
1269 5208 1370 5272 ΙΠ
1417 5208 1712 5273 concedit
1742 5210 1939 5273 Petro
1969 5209 2270 5272 Latronis
2301 5213 2367 5272 et
2402 5208 2658 5273 Oddoni
2692 5207 2874 5273 fratri
2905 5208 3063 5292 eius,
3110 5206 3449 5293 nepotibus
3479 5207 3657 5271 Petri

774 5315 1073 5378 Latronis
1119 5316 1212 5398 (n.
1248 5317 1352 5398 1),
1421 5313 1502 5378 ad
1550 5316 1750 5378 instar
1793 5313 2154 5377 Innocentii
2199 5312 2268 5376 II
2317 5319 2410 5396 (n.
2449 5314 2518 5388 1)
2571 5315 3008 5399 privilegium,
3077 5314 3143 5377 in
3207 5334 3331 5398 quo
3389 5312 3483 5377 eis
3541 5337 3657 5402 pro
