4065 6049
790 373 1013 429 Nobilis
1048 372 1277 442 quidam
1313 373 1595 429 Romanus
1630 373 1854 445 ignotus
1890 405 1957 414 —
1993 373 2238 430 Comites
2272 374 2341 430 de
2379 374 2710 431 Tusculano.
3068 381 3187 445 187

311 556 354 615 3
2590 554 2759 615 1140
2801 557 2987 616 mart.
3024 556 3103 616 14

312 658 383 721 In
445 657 814 741 praesentia
865 656 1317 720 Innocentii
1364 655 1431 719 II
1485 654 1837 719 iudicatum
1894 655 2259 721 celebratur
2311 678 2505 741 super
2549 658 2984 721 controversia
3028 658 3194 721 inter

309 762 696 826 Riccardum
741 761 1043 826 abbatem
1092 782 1260 825 mon.
1309 783 1389 825 ss.
1424 761 1733 825 Bonifatii
1779 766 1845 825 et
1873 761 2096 825 Alexii
2141 768 2209 826 et
2247 761 2715 827 Tholomaeum
2761 763 3063 827 comitem
3111 761 3192 827 de

312 867 674 931 Tusculana
717 868 886 930 circa
930 866 1200 930 insulam
1248 865 1330 931 de
1376 866 1658 930 Asturia.

694 996 744 1032 v.
770 978 916 1033 Mon.
953 994 1020 1033 aa.
1046 975 1318 1033 Bonifatii
1355 980 1415 1033 et
1448 976 1631 1033 Alexii
1666 975 1724 1032 in
1760 980 1947 1034 monto
1983 975 2262 1034 Aventino
2298 996 2350 1032 n.
2374 978 2424 1034 4.
2462 1008 2526 1017 -
2564 978 2633 1032 cf.
2661 977 2915 1043 Latium,
2951 977 3195 1033 Astorra.

312 1105 353 1164 4
2943 1105 3112 1165 1140

315 1206 614 1272 Monachi
679 1207 742 1270 in
805 1205 1117 1271 coenobio
1179 1228 1228 1270 s.
1261 1204 1508 1270 Mariae
1565 1205 1645 1270 de
1704 1205 2173 1290 Criptaferrata
2240 1208 2565 1272 constituti
2626 1207 2903 1272 offerunt
2962 1206 3192 1272 Inno-

313 1312 582 1375 centio
629 1311 696 1374 Π
740 1310 1030 1375 libellum
1076 1310 1416 1395 querulum
1464 1316 1685 1375 contra
1728 1310 2226 1375 Phtolomaeum
2271 1312 2591 1376 comitem.

695 1441 744 1476 v.
770 1421 1010 1487 Latium,
1048 1421 1475 1477 Grottaferrata.

316 1532 355 1592 5
2188 1526 2606 1593 Piombinara
2655 1528 2822 1592 1151
2867 1528 2994 1592 dec.
3028 1530 3112 1590 10

319 1633 464 1697 Odo
512 1631 592 1697 de
625 1631 1004 1716 Columpna,
1038 1632 1475 1698 consentiente
1509 1633 1705 1698 fratre
1737 1654 1852 1698 suo
1884 1632 2285 1717 Carsidonio,
2332 1631 2629 1697 concedit
2658 1632 2990 1698 Bernardo
3024 1631 3194 1696 card.

315 1759 361 1799 S.
397 1736 767 1819 Clementis,
815 1736 1120 1801 mandato
1167 1736 1497 1821 Eugenii
1544 1736 1673 1820 ΙΙΙ,
1730 1758 1813 1801 ex
1860 1744 2193 1802 contractu
2248 1735 2735 1821 permutationis
2780 1736 3198 1801 medietatem

317 1842 510 1905 totius
556 1841 956 1906 Tusculanae
992 1842 1268 1905 civitatis
1313 1848 1380 1905 et
1422 1841 1607 1921 arcis,
1639 1842 1927 1906 Montem
1959 1841 2241 1924 Porculi,
2288 1841 2385 1904 ius
2431 1839 2604 1925 quod
2649 1839 2848 1904 habet
2893 1841 2957 1904 in
2988 1847 3198 1904 castro

315 1945 552 2008 Montis
597 1945 862 2009 Fortini.
955 1945 1197 2011 Contra
1243 1947 1472 2031 recipit
1517 1967 1557 2009 a
1600 1945 1934 2010 Bernardo
1981 1945 2155 2010 card.
2218 1951 2422 2010 totum
2481 1950 2761 2008 castrum
2808 1944 3086 2009 Trebani
3135 1950 3202 2008 et

324 2053 439 2111 ΗΟ
487 2049 682 2114 libras
729 2049 872 2114 den.
921 2050 1190 2135 Papien.
1240 2056 1307 2115 et
1359 2053 1476 2113 140
1522 2049 1719 2113 libras
1764 2050 1908 2114 den.
1956 2052 2195 2115 Lucen.
2254 2086 2337 2097 —-
2393 2050 2629 2113 Actum
2673 2070 2877 2134 prope
2923 2056 3199 2113 castrum

315 2152 750 2218 Fluminariae
796 2155 860 2217 in
908 2154 1062 2219 eccl.
1112 2176 1161 2218 s.
1195 2154 1461 2219 Mariae.
1568 2153 1699 2219 Ser.
1748 2176 1789 2219 a
1833 2153 2123 2220 Iohanne
2179 2160 2311 2221 not.
2359 2153 2602 2239 Signin.
2650 2151 2710 2216 d.
2758 2174 2969 2237 papae
3015 2153 3198 2216 scrin.

520 2264 754 2318 Albinus
789 2264 874 2320 lib.
903 2264 1003 2318 XI
1028 2281 1072 2318 c.
1102 2272 1144 2318 7.
1237 2263 1464 2319 Oeneius
1509 2264 1627 2319 Lib.
1674 2281 1811 2320 cens.
1855 2264 1908 2320 S.
1937 2265 2005 2320 R.
2034 2264 2105 2319 Ε.
2152 2281 2194 2319 c.
2226 2272 2304 2319 92.
2366 2293 2432 2303 —
2491 2263 2639 2318 Edd.
2691 2263 2968 2318 Muratori
3015 2262 3199 2331 Antiq.

318 2350 423 2402 111
458 2358 561 2404 777.
666 2351 856 2405 Malloi
908 2352 1163 2405 Memor-ie
1216 2350 1464 2405 istor-idm
1515 2349 1632 2404 ddl’
1690 2350 1874 2404 antico
1931 2350 2156 2405 Tuscolo
2200 2367 2263 2419 p.
2290 2358 2380 2406 156
2421 2350 2498 2404 ad
2540 2351 2646 2405 dcc.
2673 2359 2747 2405 17.
2835 2349 3005 2418 Coppi
3044 2348 3202 2402 Mem.

324 2434 604 2490 Ουὶοπηεει·
644 2455 703 2507 p.
729 2447 792 2493 41
840 2437 915 2491 ad
956 2438 1069 2494 dec.
1099 2446 1176 2493 15.
1272 2437 1505 2491 Theiner
1551 2436 1675 2492 (lod.
1722 2436 1855 2505 dipl.
1899 2437 2038 2491 dom.
2072 2443 2227 2506 temp.
2267 2437 2308 2491 I
2334 2446 2395 2491 14
2440 2455 2495 2492 n.
2523 2445 2606 2492 18.
2694 2435 3203 2493 Εαὺνο-Βιιώεωιο

318 2522 354 2575 1
381 2530 498 2577 382.
528 2555 589 2564 -
630 2524 799 2596 3099.
843 2525 1151 2594 σιῳμιιειιι·
1201 2525 1287 2579 VJ
1315 2531 1419 2579 378
1454 2541 1509 2578 n.
1535 2531 1582 2579 2.
1658 2524 1967 2579 Tomasseuc
2002 2526 2065 2578 in
2100 2524 2259 2579 Arda.
2300 2524 2444 2579 dena
2477 2525 2589 2580 Soc.
2626 2525 2781 2580 Rom.
2821 2524 2918 2579 lx
2939 2530 3025 2579 92.
3092 2522 3203 2578 JL.

321 2619 449 2665 9509
482 2612 559 2664 ad
597 2620 871 2667 1150—52.

696 2707 764 2762 cf.
790 2706 1037 2763 Oddonis
1071 2705 1403 2777 Fraiapanis
1447 2707 1702 2762 chartam
1749 2724 1798 2762 a.
1828 2708 1963 2761 1152
2008 2706 2128 2764 dec.
2152 2708 2219 2762 29
2264 2707 2332 2763 (le
2380 2706 2577 2763 eadem
2625 2726 2685 2763 re
2729 2708 2803 2775 (v.
2829 2706 2975 2762 Gens
3012 2705 3200 2760 Fraia·

526 2812 676 2864 pana
712 2814 763 2850 n.
789 2796 861 2863 2).

317 2917 398 2980 *6
2652 2915 2853 2998 (1155
2897 2914 3013 2980 iul.
3047 2916 3117 2997 9)

317 3022 755 3088 Hadrianus
801 3022 896 3088 IV
941 3021 1237 3087 concedit
1270 3029 1340 3087 et
1383 3022 1447 3086 in
1493 3021 1756 3087 feudum
1789 3022 1901 3087 dat
1931 3021 2247 3087 Ionathae
2278 3022 2408 3087 filio
2455 3020 2778 3108 quondam
2825 3019 3204 3085 Tholomaei

318 3128 398 3192 de
446 3128 807 3192 Tusculana
852 3132 1049 3192 totam
1100 3135 1348 3211 partem
1396 3128 1672 3193 civitatis
1717 3127 2120 3192 Tusculanae
2165 3127 2408 3191 cunctis
2454 3126 2679 3191 diebus
2724 3126 2894 3191 vitae
2941 3125 3099 3190 eius.

520 3238 704 3293 Laud.
740 3239 803 3291 in
836 3255 892 3292 n.
922 3246 965 3293 7.
1007 3268 1074 3277 -
1112 3239 1239 3309 Req.
1278 3238 1394 3296 JL.
1434 3269 1516 3294 —.

695 3334 763 3389 cf.
791 3332 1030 3401 Latium,
1068 3334 1463 3390 Tusculanum.

321 3464 361 3523 7
2721 3457 2887 3520 1155
2933 3454 3046 3520 iul.
3081 3459 3121 3517 9

319 3564 626 3627 Ionathas
649 3562 816 3625 filius
848 3562 1169 3647 quondam
1198 3562 1578 3627 Tholomaei
1603 3560 1683 3626 de
1708 3562 2070 3626 Tusculana
2100 3563 2269 3625 iurat
2291 3561 2666 3626 fidelitatem
2693 3560 3084 3625 Hadriano
3110 3560 3206 3623 IV

323 3669 588 3752 eiusque
634 3664 1104 3730 successoribus
1150 3670 1216 3729 et
1259 3666 1324 3729 in
1371 3666 1786 3729 tenimentum
1835 3667 1972 3730 eius
2023 3666 2220 3728 mittit
2271 3685 2524 3729 roccam
2571 3665 2807 3729 Montis
2850 3663 3097 3728 Fortini
3141 3669 3207 3726 et

321 3792 573 3836 roccam
608 3793 669 3856 q.
698 3792 846 3855 app.
879 3769 1125 3833 Faiola.
1159 3806 1242 3815 —
1274 3769 1407 3834 Ser.
1440 3791 1497 3834 a.
1524 3769 1814 3835 Iohanne
1847 3769 1911 3834 S.
1938 3769 2018 3835 R.
2044 3768 2120 3833 E.
2153 3769 2338 3834 scrin.
2370 3775 2595 3854 rogato
2633 3767 2713 3833 ab
2746 3768 3078 3833 Hadriano
3110 3767 3206 3832 IV

322 3881 388 3939 et
435 3875 726 3939 Ionatha.

526 3987 757 4039 Albinus
802 3985 889 4040 zib.
930 3985 1026 4038 XI
1066 4002 1109 4040 c.
1140 3993 1215 4039 51.
1308 3984 1532 4039 Oeneius
1577 3984 1700 4040 Lib.
1746 4001 1884 4039 cem.
1930 3984 1982 4038 S.
2013 3984 2085 4040 R.
2111 3984 2181 4039 E.
2234 4001 2276 4040 c.
2304 3993 2407 4039 119.
2468 4016 2533 4024 —
2595 3984 2740 4039 Edd.
2776 3985 3013 4038 Zazzera
3047 3983 3209 4037 Della

323 4074 523 4128 nobili&
563 4072 681 4128 ἄθλι’
718 4073 886 4127 Italia
914 4090 973 4142 p.
1002 4073 1084 4127 ΙΙ.
1157 4073 1350 4127 Mami
1384 4073 1546 4127 Man.
1583 4072 1729 4128 istor.
1765 4072 1885 4126 dele
1907 4073 2088 4127 antico
2117 4071 2341 4127 Tusculo
2368 4090 2428 4140 p.
2458 4079 2560 4127 162.
2642 4071 2871 4126 Ποίων
2911 4070 3034 4125 God-
3071 4070 3207 4139 dipl.

320 4161 455 4216 dom.
493 4167 644 4229 temp.
682 4161 724 4214 Ῑ
753 4169 814 4216 16
857 4178 911 4215 π.
943 4168 1026 4216 20.
1112 4159 1624 4215 Γαὸνο-Βιιοὴοεηο
1662 4161 1702 4213 I
1732 4167 1843 4216 399.
1911 4189 1975 4199 -
2038 4160 2197 4230 Reqy.
2241 4159 2550 4214 Tamassetti
2597 4159 2659 4212 in
2705 4158 2867 4214 Arck.
2904 4157 3045 4212 della
3088 4157 3207 4213 Soc.

323 4249 477 4303 Rom.
515 4248 614 4302 IX
645 4257 724 4304 94.
792 4247 904 4303 JL.
942 4247 1021 4302 II
1040 4264 1098 4317 p.
1125 4255 1230 4303 112.

322 4410 365 4468 s
2689 4408 2861 4469 1170
2902 4425 3045 4485 any.
3080 4406 3124 4467 s

323 4511 551 4595 Rayno
627 4510 791 4576 filius
869 4510 1191 4596 quondam
1262 4511 1640 4576 Tholomaei
1714 4510 1795 4575 de
1876 4510 2268 4591 Tusculano,
2344 4511 2408 4574 in
2491 4509 2856 4595 praesentia
2920 4506 3208 4572 Hubaldi

325 4615 642 4696 Hostien.,
674 4614 986 4679 Bernardi
1019 4615 1323 4680 Portuen.
1357 4638 1526 4700 epp.,
1558 4615 1845 4680 Hubaldi
1878 4617 1973 4679 tit.
2008 4638 2056 4679 s·
2092 4615 2333 4699 Crucis,
2379 4615 2683 4680 Iohannis
2728 4615 2823 4679 tit.
2857 4636 2937 4677 ss.
2970 4614 3206 4678 Iohan-

324 4720 422 4782 nis
476 4725 542 4783 et
594 4718 810 4802 Pauli,
873 4719 1165 4784 Wilelmi
1222 4721 1315 4785 tit.
1378 4743 1428 4784 s.
1471 4720 1650 4784 Petri
1707 4719 1790 4784 ad
1836 4720 2141 4802 Vincula,
2209 4719 2462 4784 Alberti
2526 4721 2619 4784 tit.
2677 4741 2725 4784 s.
2766 4719 3097 4784 Laurentii
3143 4719 3208 4782 in

325 4824 596 4906 Lucina,
672 4822 944 4886 Bosonis
1012 4823 1105 4887 tit.
1176 4845 1224 4886 s.
1274 4823 1750 4905 Pudentianae,
1830 4823 2010 4888 Petri
2092 4824 2185 4887 tit.
2260 4846 2308 4886 s.
2366 4823 2699 4888 Laurentii
2746 4823 2820 4918 „5¹¹
2899 4822 3205 4904 Damam,

325 4927 631 4992 Iohannis
677 4928 770 4992 tit.
818 4950 867 4991 s.
901 4928 1122 5012 Marci,
1171 4927 1444 4994 Teodini
1489 4929 1583 4993 tit.
1632 4951 1680 4992 s.
1706 4927 1940 4993 Vitalis
1981 4926 2216 5011 presb.‚
2262 4927 2537 4991 Iacinthi
2570 4950 2617 4991 s.
2645 4927 2890 4992 Mariae
2938 4927 3001 4988 in
3046 4925 3205 4990 Cos-

325 5031 574 5116 midyn,
629 5031 994 5097 Ardicionis
1052 5055 1100 5096 s.
1147 5032 1459 5115 Teodori,
1531 5033 1751 5098 Cencii
1803 5054 1851 5096 s.
1892 5031 2192 5114 Adriani,
2255 5030 2551 5115 Hugonis
2590 5054 2638 5094 s.
2687 5029 3044 5112 Eustachii,
3093 5029 3206 5095 Vi-

332 5135 468 5200 telli
514 5158 596 5200 ss.
645 5134 855 5221 Sergii
909 5143 977 5201 et
1032 5136 1271 5221 Baebi,
1339 5135 1520 5202 Petri
1577 5159 1625 5201 s.
1666 5135 1912 5203 Mariae
1965 5137 2031 5201 in
2086 5135 2334 5226 Aquiro
2402 5135 2565 5204 diac.
2613 5134 2818 5223 card.,
2885 5134 3209 5206 renuntiat
