4065 6049
1354 463 1504 520 Eccl.
1540 483 1583 520 s.
1619 463 1874 520 Marcelli
1908 462 1967 519 in
2005 462 2117 519 Via
2151 463 2291 521 lata.
3180 468 3261 529 75

371 646 787 725 praesentare
849 647 1175 726 procuret,
1239 646 1310 705 ut
1385 641 1523 707 eius
1590 662 1849 706 causam
1917 663 2061 706 cum
2121 639 2473 706 venerabili
2539 644 2729 706 coetu
2789 646 3050 706 sanctae
3080 624 3085 633 ³
3110 660 3262 705 con-

371 747 768 831 gregationis
812 746 1028 811 valeat
1071 746 1403 811 ventilare.
1449 783 1534 793 -
1578 745 1741 812 Cum
1788 744 2224 831 spiritualibus
2270 750 2353 811 te.

580 866 786 921 Exstat
818 866 881 920 in
914 867 1053 921 actis
1088 865 1302 921 concilii
1343 883 1395 921 a.
1430 872 1528 922 853
1563 865 1675 920 dec.
1705 872 1740 921 8
1775 867 1853 932 (n.
1884 868 1948 935 7).
1988 896 2052 906 —
2098 864 2242 921 Edd.
2281 865 2561 920 Baronius
2597 865 2747 921 Ami.
2793 863 2868 918 ad
2907 880 2960 919 a.
2995 868 3093 918 853
3125 878 3167 915 c.
3192 867 3265 916 38

373 975 439 1000 --·
479 953 746 1009 Oldoim
779 971 868 1023 ap.
910 953 1228 1009 Oiaconium
1254 954 1475 1023 ι1625,
1514 976 1581 1000 =
1616 952 1819 1008 Piazza
1846 969 1903 1022 Ρ.
1932 960 2052 1021 459,
2089 975 2156 999 =
2193 952 2388 1007 Mami
2427 951 2577 1006 XIV
2610 956 2745 1006 1018
2781 973 2846 997 =
2884 948 3076 1019 Meque
3102 947 3273 1005 GXV

376 1047 489 1096 669.
538 1070 593 1081 -
633 1041 797 1113 13099.
830 1042 886 1098 J.
923 1048 1065 1097 1987.
1101 1040 1222 1096 JE.
1258 1046 1407 1096 2636.

752 1138 815 1191 In
861 1135 1071 1193 eisdem
1116 1136 1262 1192 actis
1303 1136 1566 1209 legimus,
1619 1135 1769 1192 hanc
1815 1134 2117 1206 epistolam
2161 1152 2197 1190 a
2231 1134 2500 1199 Nicolao,
2552 1132 2884 1189 Petronacio
2921 1137 2980 1189 et
3015 1131 3264 1187 Iohanne

578 1222 859 1294 episcopis
881 1222 956 1279 ad
982 1222 1358 1289 Anastasium‚
1394 1227 1530 1280 tunc
1555 1241 1681 1278 cum
1707 1221 1889 1278 missis
1914 1221 2303 1293 imperialibus
2326 1221 2502 1277 Clusii
2537 1220 2777 1289 (omasi)
2813 1220 3263 1285 commorantem,

580 1309 829 1366 delatam
866 1309 1054 1366 fuisse.
1126 1309 1209 1366 cf.
1247 1309 1421 1367 etiam
1458 1307 1647 1365 Vitam
1687 1308 1890 1366 Leonis
1925 1308 2002 1364 lV
2042 1308 2185 1377 (Lib.
2222 1308 2422 1380 pontif.
2459 1308 2545 1365 ed.
2582 1306 2874 1363 Duchesne
2910 1305 2965 1361 11
3002 1306 3143 1372 129).

374 1506 416 1566 7
455 1523 461 1529 ·
2174 1500 2383 1567 Roma
2427 1499 2496 1567 S.
2544 1497 2761 1566 Pietro
2804 1498 2935 1563 853
2977 1497 3106 1562 dec.
3137 1500 3181 1561 8

373 1608 533 1672 Leo
564 1606 663 1671 IV
694 1606 787 1692 (in
816 1605 1117 1691 concilio)
1149 1604 1622 1671 venerabilibus
1653 1607 1862 1670 missis
1894 1607 2468 1672 sacratissimorum
2497 1606 2979 1689 imperatorum,
3027 1600 3265 1686 Ioseph

375 1712 763 1798 Eporedien.
828 1734 943 1779 seu
987 1711 1186 1778 Petro
1233 1711 1546 1797 Spoletin.
1604 1713 1890 1798 itemque
1946 1712 2147 1777 Petro
2202 1712 2452 1777 Aretin.
2510 1731 2588 1775 ac
2638 1708 2924 1794 Notingo
2982 1705 3267 1771 Brixien.

375 1818 726 1902 episcopis,
789 1817 1258 1903 universaeque
1317 1839 1365 1881 s.
1421 1817 1695 1902 synodo:
1751 1817 2168 1883 Anastasium
2228 1815 2440 1903 presb.
2498 1814 2706 1899 card.‚
2775 1814 2884 1901 qui
2938 1812 3266 1899 propriam

374 1921 748 2007 parochiam
790 1921 1177 2007 relinquens,
1225 1922 1291 1985 in
1334 1921 1547 1987 aliena
1590 1943 1708 2007 per
1751 1922 1955 1987 multa
2001 1927 2294 2006 tempora
2337 1922 2559 1986 nititur
2587 1919 2936 2002 immorari,
2982 1939 3022 1982 a
3050 1935 3263 1980 sacer-

376 2024 578 2091 dotali
607 2026 960 2091 ministerio
1006 2023 1214 2090 modis
1246 2025 1540 2091 omnibus
1570 2032 1879 2111 removet,
1926 2027 2019 2092 ita
2065 2033 2135 2091 ut
2163 2026 2376 2091 locum
2406 2024 2826 2091 restitutionis
2854 2040 3263 2112 nequaquam

373 2130 676 2196 inveniat.
727 2167 805 2177 —
855 2129 1045 2204 Quod
1090 2128 1255 2195 bene
1302 2150 1379 2195 ac
1421 2130 1718 2215 pleniter.

579 2250 720 2304 Acta
754 2249 918 2304 huius
951 2248 1142 2319 synodi
1177 2248 1291 2305 aad.
1317 2248 1603 2305 Barom'us
1637 2251 1788 2304 Ann.
1825 2248 1901 2304 ad
1933 2267 1985 2305 a.
2009 2256 2109 2306 853
2130 2266 2174 2305 c.
2196 2255 2275 2305 35.
2348 2245 2542 2303 Mami
2579 2244 2736 2301 XIV
2752 2206 2891 2301 1017.
2962 2241 3039 2299 ἃ.
3066 2241 3267 2313 Boryia

388 2334 509 2390 γαί.
533 2335 678 2401 confi
708 2352 769 2404 Ρ.
798 2334 1031 2392 CCVII.
1068 2366 1134 2375 -
1174 2334 1332 2406 Reqy.
1370 2335 1425 2390 J.
1454 2351 1511 2404 Ρ.
1539 2341 1657 2392 233.
1692 2335 1801 2391 JE.
1842 2335 1885 2390 I
1903 2352 1966 2406 Ρ.
1989 2342 2102 2391 336.

687 2430 756 2485 cf.
794 2429 1083 2485 Bincmari
1121 2430 1344 2486 Remen.
1390 2430 1528 2485 Ann.
1564 2431 1637 2485 ad
1682 2448 1733 2486 a.
1758 2430 1862 2487 868
1899 2430 2044 2500 (edd.
2091 2430 2253 2487 Pertz
2289 2429 2325 2484 l.
2361 2447 2407 2484 c.
2442 2447 2497 2499 p.
2532 2428 2659 2493 4783
2695 2427 2887 2484 Waitz
2924 2427 2962 2482 l.
2993 2444 3039 2481 c.
3081 2442 3133 2494 p.
3165 2425 3266 2488 93;

585 2516 770 2572 Mansi
804 2516 939 2572 xlv
980 2517 1135 2583 102·st
1169 2515 1363 2588 Migne
1400 2516 1549 2572 CXV
1588 2520 1729 2583 666),
1767 2517 1862 2573 ubi
1902 2516 2255 2573 inscribitur:
2307 2516 2515 2585 „Super
2560 2516 2757 2570 valvas
2790 2515 3090 2586 argenteas
3125 2511 3268 2567 haec

582 2601 798 2675 scripta
831 2606 1013 2658 sunt‘.
1053 2633 1115 2643 —
1153 2601 1235 2659 De
1273 2604 1430 2660 codd.
1468 2609 1527 2662 et
1562 2604 1685 2661 edd.
1724 2606 1792 2661 cf.
1823 2604 2242 2676 Werminghoff
2271 2604 2331 2660 in
2365 2602 2438 2658 N.
2464 2601 2673 2659 Archiv
2712 2601 2898 2657 XXVI
2932 2600 3111 2669 (1901)
3146 2599 3266 2656 620.

372 2796 456 2859 *8
3021 2791 3147 2857 855

374 2900 853 2966 Benedictus
907 2900 1012 2965 111
1076 2899 1492 2967 Anastasium
1560 2902 1770 2987 presb.
1795 2903 1992 2968 card.
2064 2901 2576 2968 sacerdotalibus
2642 2792 3030 2985 exspolians(
3072 2794 3266 2962 ve)sti-

376 3006 630 3090 mentis,
677 3005 843 3072 inter
886 3007 1086 3072 laicos
1130 3007 1194 3072 in
1240 3008 1687 3074 communione
1732 3009 1980 3095 recipit.

578 3124 763 3181 Laud.
795 3125 858 3179 in
892 3143 947 3180 n.
975 3135 1020 3182 9.
1060 3157 1124 3167 —
1165 3126 1327 3198 Reyy.
1362 3127 1416 3183 J.
1450 3146 1504 3197 Ρ.
1530 3135 1648 3183 235.
1683 3129 1799 3184 JE.
1837 3129 1876 3183 1
1893 3146 1953 3198 Ρ.
1975 3136 2093 3185 340.

751 3228 1083 3287 Anastasius
1119 3249 1169 3287 a.
1204 3225 1333 3298 855,
1379 3236 1510 3303 post
1544 3235 1778 3289 mortem
1814 3233 2016 3290 Leonis
2053 3233 2148 3299 lV,
2199 3232 2255 3288 in
2302 3232 2638 3303 antipapam
2674 3228 2929 3300 eligitur;
2977 3229 3045 3283 cf.
3074 3225 3269 3282 Vitam

583 3316 879 3374 Benedicti
915 3318 999 3372 111
1038 3317 1184 3387 (Lib.
1221 3318 1421 3390 pontif.
1460 3320 1544 3375 ed.
1583 3320 1871 3376 Duchesne
1911 3321 1958 3375 ll
2001 3322 2141 3391 141).

372 3494 414 3554 9
2068 3496 2274 3561 Roma
2317 3495 2387 3561 S.
2421 3492 2732 3558 Prasscdc
2775 3493 2904 3554 868
2948 3493 3063 3556 oct.
3098 3491 3182 3551 12
3222 3572 3225 3576 .

372 3595 823 3663 Hadrianus
853 3599 922 3662 ΙΙ
955 3598 1049 3684 (in
1081 3596 1406 3683 concilio):
1441 3600 1853 3666 Anastasium
1885 3603 2059 3666 omni
2091 3601 2537 3666 communione
2571 3596 3007 3663 ecclesiastica
3035 3593 3265 3679 privat,

375 3699 583 3765 donec
623 3700 705 3767 de
737 3701 1052 3785 omnibus,
1099 3702 1329 3789 quibus
1371 3704 1721 3789 impetitur,
1768 3725 1984 3769 coram
2030 3703 2275 3790 synodo
2321 3704 2635 3769 rationem
2681 3704 2899 3786 ponat.
2949 3735 3030 3745 —
3073 3696 3266 3762 Omni

372 3803 499 3869 Dei
544 3805 877 3872 ecclesiae.

581 3924 872 4010 Hincmqri
924 3926 1141 3983 Remea.
1191 3927 1342 3981 Ann.
1385 3927 1462 3981 aa
1512 3945 1564 3981 a.
1598 3935 1699 3983 868
1749 3927 1887 3994 (edd.
1924 3928 2081 3983 Perta
2114 3929 2145 3983 Ι.
2182 3945 2227 3984 c.
2255 3945 2314 3997 Ρ.
2347 3935 2470 3994 479,-
2535 3925 2714 3980 Waitz
2747 3925 2783 3979 1.
2817 3940 2862 3978 c.
2894 3939 2952 3990 Ρ.
2977 3930 3065 3985 94,·
3120 3920 3266 3975 Bau.

376 4010 532 4065 Rom.
569 4010 646 4064 ed.
691 4013 1029 4080 Coequelines
1064 4013 1106 4066 Ι
1129 4020 1229 4069 206
1250 4031 1307 4069 π.
1331 4021 1365 4068 2
1400 4037 1464 4060 =
1502 4014 1655 4069 Bau.
1693 4014 1847 4069 Rom.
1873 4015 1951 4071 cd.
1993 4015 2159 4071 Taur.
2194 4015 2235 4070 I
2262 4021 2361 4071 332
2383 4030 2438 4070 n.
2463 4020 2510 4068 2.
2586 4011 2778 4067 Mami
2816 4009 2977 4066 XIV
3004 4011 3172 4073 1028).
3203 4036 3265 4048 -

372 4097 537 4168 Rem.
575 4098 636 4154 J.
676 4104 834 4155 2209.
868 4098 981 4154 JE.
1025 4105 1166 4157 2912.

371 4236 498 4299 *10
2811 4236 3149 4301 1048-54

373 4342 527 4407 Leo
573 4341 675 4406 IX
719 4341 923 4424 iubet,
969 4350 1042 4408 ut
1083 4365 1325 4428 poena,
1386 4366 1511 4408 non
1572 4346 1890 4430 impensa,
1951 4367 2145 4431 quam
2192 4325 2393 4411 abbas
2437 4369 2485 4411 s.
2535 4243 2823 4431 Sepulogi
2869 4237 3262 4429 Aquaepian-

374 4446 586 4510 dentis
653 4447 900 4512 clericis
957 4447 1269 4514 ecclesiae
1327 4472 1377 4512 s.
1437 4449 1729 4515 Marcelli
1789 4471 1906 4534 pro
1967 4450 2309 4516 ecclesiola
2361 4474 2441 4516 ss.
2490 4451 2768 4516 Cosmae
2835 4454 2902 4514 et
2961 4445 3267 4511 Damiani

373 4550 542 4614 intra
588 4550 934 4616 claustrum
980 4574 1203 4617 eorum
1248 4553 1371 4618 sita
1416 4553 1716 4640 debebat,
1765 4561 2012 4620 tantum
2059 4554 2356 4640 legaliter
2401 4553 2796 4622 emendetur.

581 4668 763 4726 Laud.
797 4670 862 4723 in
893 4687 948 4724 n.
974 4678 1051 4728 16.
1091 4701 1154 4712 -
1195 4672 1328 4742 Rcy.
1353 4673 1471 4729 JL.
1496 4703 1580 4730 —.

761 4773 1027 4840 ‚Abbatis
1063 4778 1253 4832 autem
1291 4777 1538 4834 versutia
1572 4777 1932 4835 inemendata
1965 4778 2280 4835 remansit.“

373 4915 410 4954 *
417 4919 497 4979 11
2773 4918 3179 5003 (1054-57)

377 5021 644 5086 Victor
687 5021 756 5086 Π
799 5022 1092 5089 similiter
1134 5026 1451 5110 praecipit
1493 5027 1598 5109 (ut
1639 5049 1702 5092 n.
1738 5028 1871 5112 10).

582 5140 762 5197 Laud.
798 5143 859 5195 in
893 5160 948 5198 n.
977 5151 1048 5199 16.
1086 5175 1153 5185 —
1193 5144 1316 5214 Rty.
1353 5144 1458 5200 JL.
1494 5174 1577 5201 -.

761 5235 901 5304 „Sed
936 5237 1298 5309 neglegentia
1332 5257 1540 5307 eorum,
1576 5241 1779 5310 quibus
1814 5241 2208 5313 imperaverat,
2246 5242 2455 5296 factum
2494 5257 2604 5294 non
2640 5239 2797 5300 fuit!⁸
