4065 6049
845 458 994 513 Eecl.
1033 460 1424 529 Apostolorum
1461 459 1517 513 in
1544 458 1653 513 Via
1689 458 1931 513 Ostiensi
1970 489 2036 498 -
2074 457 2220 513 Eccl.
2258 480 2297 515 s.
2330 459 2492 514 Pauli
2529 462 2688 515 extra
2724 477 2923 516 mur08.
3210 468 3328 528 165

445 658 715 722 quorum
775 636 1233 699 monachorum
1293 636 1628 719 disciplina
1673 635 1950 718 regulari
1996 637 2126 699 iam
2173 634 2501 719 dissoluta,
2549 636 2844 700 monachi
2891 637 3331 701 Cluniacensis

445 741 960 825 congregationis
991 739 1333 804 introducti
1369 739 1547 804 fuere
1579 738 1688 823 (cf.
1721 739 1794 802 Ε.
1822 739 2070 803 Sackur
2099 740 2223 804 Die
2257 740 2712 805 Cluniaeenser
2744 741 2773 803 I
2817 739 2982 825 101).
3054 740 3235 806 Saec.
3266 742 3329 805 X

444 854 510 909 et
555 844 653 909 XI
699 843 960 909 abbatia
1005 867 1052 906 s.
1086 844 1273 907 Pauli
1320 844 1403 907 ad
1449 844 1799 907 maximum
1857 843 2105 928 gloriae
2153 843 2478 929 fastigium
2538 847 2848 928 pervenit.
2924 845 3238 909 Martinus
3269 847 3330 911 V

443 972 499 1013 a.
543 953 701 1013 1425
750 950 858 1012 iul.
892 952 974 1013 28
1022 949 1336 1013 concessit
1380 948 1861 1031 congregationi
1916 970 1963 1011 s.
1999 947 2283 1012 Iustinae
2331 948 2411 1012 de
2460 948 2687 1011 Padua
2733 948 3112 1032 (Margarini
3158 948 3326 1011 Bull.

443 1056 587 1120 Cae.
638 1055 705 1117 II
751 1058 876 1118 296
925 1075 983 1117 n.
1018 1051 1193 1136 289),
1243 1073 1429 1137 quae,
1478 1051 1844 1116 Casinensis
1875 1051 2066 1134 vulgo
2114 1058 2499 1135 nuncupata,
2547 1051 2758 1116 adhue
2789 1051 3119 1116 basilicam
3155 1052 3325 1115 colit.

657 1228 1135 1313 Antiquissimis
1179 1226 1370 1290 bullis
1417 1226 1785 1309 pontificum
1831 1225 2272 1289 Romanorum
2318 1226 2379 1289 b.
2413 1226 2600 1289 Pauli
2646 1225 2978 1290 basilicam
3026 1226 3327 1290 honesta-

444 1339 571 1397 tam
621 1332 815 1396 fuisse
862 1354 987 1395 non
1033 1330 1294 1395 dubium
1344 1336 1458 1393 est.
1551 1328 1679 1394 Sed
1713 1350 1919 1413 paene
1967 1351 2190 1394 omnes
2229 1331 2574 1413 perierunt.
2665 1330 2805 1393 Iam
2838 1329 3200 1394 Bonifatius
3230 1329 3328 1394 IX

443 1440 504 1499 in
565 1437 743 1500 bulla
798 1458 855 1499 a.
900 1441 1057 1499 1400
1106 1435 1244 1499 dec.
1289 1440 1361 1499 31
1416 1433 1794 1519 (Margarini
1852 1434 1917 1496 II
1965 1437 2090 1498 289
2149 1456 2208 1497 n.
2243 1433 2397 1517 282)
2453 1435 2768 1519 queritur:
2822 1455 3005 1517 „cum
3073 1434 3326 1499 litterae

444 1540 843 1624 apostolicae.
900 1540 1467 1623 praedecessorum
1524 1543 1883 1602 nostrorum
1952 1559 2146 1621 super
2213 1538 2710 1619 sustentatione,
2782 1540 3211 1623 exemptione.
3261 1544 3327 1601 et

442 1644 822 1709 liberatione
878 1642 1238 1708 huiusmodi
1295 1642 1628 1707 confectae
1681 1643 1969 1705 incurata
2015 1642 2498 1705 conservatione
2548 1648 2613 1706 et
2656 1641 3125 1706 inadvertentia
3167 1644 3323 1706 irre-

442 1748 895 1833 cuperabiliter
940 1750 1065 1811 sint
1120 1746 1559 1831 deperditae“.
1636 1746 1997 1810 Paucorum
2048 1750 2264 1809 autem
2311 1745 2825 1831 privilegiorum,
2881 1768 3046 1831 quae
3102 1767 3325 1830 super-

442 1862 614 1935 sunt,
670 1875 796 1917 non
862 1852 1175 1917 habemus
1230 1850 1664 1935 autographa,
1733 1848 1849 1914 sed
1907 1849 2115 1913 solum
2172 1849 2551 1933 apographa
2605 1871 2771 1942 saec.
2828 1850 2997 1913 XIII
3054 1857 3119 1915 et
3164 1850 3327 1913 XIV

442 1958 751 2021 confecta.
829 1956 1041 2020 Etiam
1090 1955 1444 2040 diplomata
1489 1953 1777 2018 Heinrici
1826 1953 1920 2017 IV
1970 1960 2037 2017 et
2081 1952 2393 2017 Fridcrici
2427 1954 2457 2016 I
2505 1954 2853 2037 perierunt,
2899 1954 3187 2018 Lotharii
3224 1955 3326 2017 III

441 2067 507 2126 et
550 2061 837 2125 IIeinrici
884 2061 980 2125 VI
1029 2067 1244 2124 tamen
1290 2058 1641 2143 privilegiis
1687 2055 2164 2121 remanentibus
2209 2055 2318 2140 (cf.
2353 2055 2528 2120 Gott.
2568 2057 2802 2122 Nachr.
2847 2062 3006 2123 1903
3053 2081 3114 2143 p.
3149 2061 3323 2143 271).

653 2164 1086 2247 Documenta,
1134 2184 1299 2248 quae
1347 2162 1431 2226 ad
1475 2161 1806 2225 basilicam
1855 2167 1920 2225 et
1963 2159 2291 2224 abbatiam
2338 2184 2387 2224 s.
2420 2160 2606 2225 Pauli
2654 2168 2964 2246 spectant,
3011 2184 3137 2226 una
3183 2184 3326 2226 cum

441 2268 583 2330 aliis
629 2290 710 2332 ex
756 2269 1161 2331 monasteriis
1207 2289 1254 2330 s.
1288 2266 1684 2351 Apollinaris
1727 2264 1894 2328 Novi
1933 2263 2317 2345 Ravennati,
2364 2287 2413 2327 s.
2447 2264 2692 2330 Mariae
2738 2264 2961 2330 Fontis
3007 2268 3131 2329 vivi
3163 2266 3324 2329 Par-

440 2375 641 2437 mensi
690 2381 756 2438 et
810 2396 857 2436 s.
892 2371 1228 2437 Benedicti
1275 2371 1603 2455 Nepesino
1650 2369 1774 2433 huc
1835 2369 2191 2449 translatis,
2256 2367 2677 2433 adservantur
2731 2390 2930 2453 penes
2975 2370 3326 2433 monachos

440 2478 575 2541 ord.
609 2500 657 2541 s.
685 2476 1020 2541 Benedicti
1067 2475 1581 2560 congregationis
1614 2474 1977 2539 Casinensis
2023 2474 2088 2535 in
2132 2474 2520 2537 monasterio
2567 2474 2706 2557 ipso
2753 2497 2799 2538 s,
2833 2473 3050 2549 Pauli;
3106 2474 3327 2557 paucis

440 2583 760 2666 exceptis,
808 2602 973 2665 quac
1022 2580 1406 2644 transierunt
1451 2577 1534 2641 ad
1578 2578 1656 2642 R.
1705 2578 2034 2641 archivum
2081 2577 2448 2641 Romanum
2493 2576 2734 2661 (Roma
2778 2578 2975 2642 Arch.
3024 2577 3087 2641 di
3135 2585 3323 2661 stat0,

441 2685 847 2750 Bencdettini
895 2684 959 2747 di
1005 2682 1339 2758 S.Pa010;
1388 2682 1467 2746 cf.
1502 2680 1679 2746 Gett.
1711 2681 1946 2745 Nachr.
1992 2685 2144 2745 1901
2199 2703 2260 2765 p.
2296 2679 2470 2764 241).

653 2790 753 2853 De
811 2789 1068 2853 archivo
1126 2811 1174 2852 s.
1209 2788 1398 2853 Pauli
1456 2785 1535 2850 cf.
1583 2808 1641 2849 v.
1676 2786 2301 2871 Pflugk-Harttung
2360 2785 2494 2850 Iter
2538 2808 2601 2869 p.
2636 2789 2715 2849 80
2764 2793 2830 2850 et
2876 2786 3051 2851 Gott.
3086 2786 3321 2850 Nachr.

447 2900 607 2958 1900
666 2916 727 2978 p.
773 2896 886 2957 129
916 2915 1007 2977 sq.
1081 2930 1161 2939 —
1239 2892 1520 2956 Indices:
1591 2890 1661 2955 G.
1704 2890 2055 2974 Margarini
2116 2889 2323 2953 Index
2377 2889 2821 2974 alphabeticus
2867 2890 3108 2954 archivi
3155 2912 3323 2954 mon.

438 3022 485 3062 s.
520 2998 705 3063 Pauli
750 3003 932 3063 extra
963 2998 1178 3063 menia
1209 2996 1421 3078 Urbis,
1469 3018 1516 3060 s.
1550 2994 1769 3080 XVII,
1816 2995 2026 3060 Roma
2058 2994 2252 3058 Arch.
2284 2993 2349 3058 di
2396 2993 2460 3059 S.
2493 2994 2698 3059 Paolo
2733 2993 2840 3078 (cf.
2875 2994 3051 3060 Gett.
3089 2995 3325 3059 Nachr.

446 3108 605 3168 1900
639 3125 700 3187 p.
733 3101 913 3186 129);
962 3103 1034 3166 Ρ.
1069 3104 1142 3166 L.
1177 3101 1444 3165 Galletti
1481 3100 1694 3165 Series
1728 3099 2183 3183 chronologica
2214 3100 2702 3183 praecipuarum
2737 3098 3121 3182 chartarum,
3157 3120 3325 3184 quae

436 3209 500 3270 in
557 3206 871 3271 tabulario
927 3227 1095 3269 mon.
1143 3205 1277 3269 bas.
1328 3205 1458 3269 divi
1513 3205 1699 3269 Pauli
1754 3206 1819 3267 in
1863 3204 1987 3268 Via
2044 3203 2325 3267 Ostiensi
2380 3203 2802 3268 adservantur
2857 3203 3323 3288 (914-1500),

437 3337 485 3375 s.
517 3311 771 3394 XVIII,
819 3312 883 3374 in
927 3310 1195 3375 Miscell.
1243 3310 1367 3375 vol.
1402 3309 1516 3388 VI,
1563 3309 1702 3373 cod.
1738 3309 1885 3373 Vat.
1933 3307 2044 3372 lat.
2085 3312 2249 3372 7927
2299 3307 2341 3371 f.
2393 3311 2517 3371 276
2544 3330 2637 3393 sq.
2705 3306 2813 3390 (cf.
2862 3307 3037 3370 Gott.
3086 3307 3323 3372 Nachr.

445 3420 603 3478 1903
652 3437 713 3498 p.
749 3413 894 3498 22);
957 3416 1030 3478 P.
1064 3415 1139 3478 L.
1176 3413 1444 3477 Galletti
1507 3412 1873 3498 Inventario
1942 3410 2006 3475 di
2076 3410 2140 3475 S.
2175 3411 2413 3488 Paule,
2492 3434 2541 3475 s.
2588 3411 2857 3494 XVIII,
2927 3412 2991 3473 in
3055 3409 3322 3474 Miscell.

436 3519 560 3582 vol.
596 3518 882 3600 XXXII,
915 3516 1054 3582 cod.
1082 3516 1230 3580 Vat.
1265 3516 1373 3581 lat.
1411 3520 1575 3581 7953
1608 3539 1670 3600 p.
1698 3516 1730 3579 Ι
1763 3516 1806 3579 f.
1851 3522 1867 3579 1
1906 3538 2000 3600 sq.
2034 3514 2144 3599 (cf.
2179 3515 2354 3579 Gott.
2390 3514 2626 3579 Nachr.
2670 3519 2831 3578 1903
2864 3537 2925 3599 p.
2960 3514 3107 3599 24);
3140 3515 3214 3578 Ρ.
3249 3515 3322 3577 L.

437 3622 705 3685 Galletti
752 3621 973 3685 Indice
1034 3620 1139 3685 dei
1185 3620 1330 3684 libri
1376 3621 1441 3684 di
1495 3620 1559 3684 S.
1604 3621 1810 3684 Paolo
1871 3642 1929 3684 a.
1971 3622 2131 3684 1724
2180 3620 2243 3682 in
2290 3618 2560 3683 Miscell.
2607 3618 2731 3683 vol.
2766 3619 2951 3700 XIX,
3000 3619 3140 3683 cod.
3172 3619 3321 3682 Vat.

436 3727 544 3789 lat.
583 3730 748 3790 7940
796 3724 838 3788 f.
871 3728 996 3788 233
1043 3723 1248 3807 (Gott.
1282 3724 1515 3790 Nachr.
1558 3729 1719 3789 1903
1767 3746 1827 3808 p.
1864 3724 1995 3809 23).

663 3881 713 3932 Β
751 3903 814 3924 =
852 3880 985 3948 Cop.
1023 3878 1201 3933 Roma
1235 3879 1402 3933 Arch.
1439 3879 1496 3934 di
1533 3879 1644 3933 San
1681 3879 1855 3934 Paolo
1891 3879 2053 3935 fuori.

668 3967 714 4021 0
746 3990 811 4011 =
849 3965 1033 4021 Codex
1080 3963 1481 4036 diplomaticus
1534 3964 1803 4021 basilicae
1854 3966 2289 4035 monasteriique
2325 3986 2366 4021 s.
2394 3966 2582 4033 Pauli,
2620 3987 2661 4020 s.
2687 3967 2892 4031 XVIII,
2929 3967 3032 4031 ib.;
3077 3969 3144 4020 ef.
3171 3965 3324 4021 Gott.

848 4053 1053 4107 Nachr.
1093 4053 1227 4108 1900
1265 4071 1318 4122 p.
1346 4053 1460 4109 130.

653 4139 714 4192 D
753 4163 815 4185 =
855 4139 968 4194 Fal.
1015 4139 1298 4195 Contelori
1348 4138 1655 4210 Privilcgia
1713 4140 1982 4196 ecclesiae
2037 4160 2080 4196 s.
2118 4140 2307 4205 Pauli,
2363 4160 2403 4196 s.
2438 4141 2626 4206 XVII,
2682 4141 2944 4196 cod.Vat.
2985 4141 3150 4195 Barb.
3186 4142 3324 4194 2468

849 4227 1085 4293 (XXXII
1121 4227 1239 4291 259,
1277 4226 1412 4281 olim
1447 4226 1634 4294 2485);
1673 4228 1742 4282 cf.
1769 4229 1921 4283 Gett.
1961 4227 2167 4282 Nachr.
2208 4230 2341 4285 1903
2378 4247 2431 4297 p.
2459 4230 2542 4282 86.

658 4313 718 4366 E
747 4337 812 4359 =
849 4313 966 4369 Fel.
1004 4312 1284 4369 Contelori
1340 4311 1650 4383 Privilegia
1695 4333 1736 4367 S.
1763 4314 1927 4368 Pauli
1975 4315 2044 4369 de
2081 4314 2257 4379 Urbe,
2293 4334 2334 4368 s.
2361 4314 2546 4380 XVII,
2598 4315 2775 4369 Roma
2812 4315 2973 4370 Arch.
3002 4315 3130 4368 Vat.
3168 4312 3323 4367 Μίδα.

847 4402 995 4456 Arm.
1019 4400 1127 4455 VII
1163 4403 1203 4455 t.
1233 4401 1331 4454 132
1367 4401 1676 4470 (Melanges
1713 4401 1817 4467 54).

650 4539 975 4624 Excerpta
1007 4562 1088 4604 ex
1120 4540 1378 4603 archivo
1411 4563 1459 4604 s.
1493 4541 1680 4603 Pauli
1712 4542 2118 4606 inveniuntur
2146 4563 2247 4625 ap.
2284 4541 2551 4606 Galletti
2583 4540 2853 4605 Miscell.
2886 4539 3010 4604 vol.
3046 4540 3164 4604 IX.
3197 4541 3316 4604 XI.

435 4643 687 4724 XXXI,
721 4644 905 4708 codd.
943 4643 1087 4708 Vat.
1121 4644 1231 4707 lat.
1269 4647 1463 4718 79:303
1514 4648 1678 4709 7932
1711 4668 1773 4729 p.
1809 4645 1893 4709 ΙΙ.
1929 4646 2064 4722 ΙῘΙ;
2102 4649 2265 4709 7952
2300 4667 2361 4729 p.
2396 4646 2444 4709 Ι.
2481 4646 2578 4721 II;
2625 4644 2895 4709 Galletti
2934 4645 3320 4709 Documenti

437 4748 499 4811 di
570 4747 632 4811 S.
674 4748 910 4830 Panlo,
978 4770 1026 4810 s.
1071 4746 1333 4831 XVIII,
1403 4747 1543 4811 cod.
1586 4749 1735 4813 Vat.
1799 4749 1910 4813 lat.
1957 4753 2123 4813 8029
2183 4772 2244 4834 p.
2281 4749 2331 4812 Ι.
2366 4750 2433 4813 II
2481 4748 2589 4832 (cf.
2640 4749 2817 4813 Giitt.
2865 4749 3103 4813 Nachr.
3161 4753 3319 4812 1903

435 4874 496 4935 p.
531 4852 834 4937 23-24).

434 5006 557 5086 †*1
2571 5007 2931 5090 (314—35)
2975 5029 3112 5071 nov.
3150 5009 3232 5069 18

435 5110 803 5175 Silvester
848 5111 880 5174 Ι
924 5111 1254 5175 basilicam
1299 5111 1359 5175 b.
1395 5112 1581 5176 Pauli
1613 5113 2008 5178 sollemniter
2053 5120 2416 5190 eonsecrat;
2474 5115 2825 5176 maximam
2872 5112 3317 5176 remissionem

435 5216 728 5279 omnibus
802 5215 886 5280 ad
942 5236 1085 5280 eam
1147 5214 1379 5282 devote
1445 5216 1847 5282 venientibus
1900 5216 2249 5303 condonat,
2324 5218 2634 5282 Romanis
2701 5224 2767 5281 et
2812 5217 3318 5280 circumiacenti-
