4065 6049
1296 462 1442 519 Mon.
1479 482 1548 518 ss.
1586 461 1816 519 Cosmae
1851 466 1909 519 et
1945 461 2204 521 Damiani
2240 463 2299 518 in
2336 462 2485 520 Mica
2518 482 2702 521 aurea.
3313 470 3428 536 131

551 637 630 698 *4
2930 642 3098 704 1030
3140 640 3274 704 ian.
3310 643 3351 701 6

549 741 927 806 Iohannes
971 742 1139 806 XIX
1184 741 1357 827 (cum
1404 742 1707 807 Alberico
1755 744 1951 808 fratre
1998 743 2144 830 suo)
2191 743 2388 809 donat
2433 744 2769 808 ecclesiam
2814 743 2874 809 b.
2921 743 3276 809 Benedicti.

756 853 937 908 Laud.
981 854 1043 906 in
1092 859 1243 935 teryo·
1281 854 1498 907 chartae
1544 871 1595 908 α.
1623 861 1751 908 1029
1784 859 1940 909 mart.
1967 861 2029 910 25
2073 854 2172 922 (od.
2204 854 2401 908 chele
2443 871 2500 910 n.
2525 859 2591 909 33
2636 860 2749 909 not.
2776 858 2857 925 1):
2908 856 3070 911 Anno
3107 856 3140 910 6
3192 858 3346 926 pont.
3384 856 3436 910 d.

550 939 813 995 Iohannis
838 940 1055 994 XVIIII
1093 960 1187 1011 pp.
1215 944 1273 995 et
1310 957 1358 995 a.
1384 941 1418 995 3
1454 940 1694 995 Com-adi
1721 958 1866 1010 mag.
1894 940 2047 1011 imp.‚
2084 940 2197 995 ind.
2226 941 2306 1006 13,
2344 959 2415 996 m.
2443 941 2651 1009 ian.('?),
2678 941 2770 996 die
2794 942 2828 995 6
2852 945 2958 998 etc.
2985 973 3049 982 —
3070 942 3195 1012 Ray.
3221 942 3330 996 JL.
3358 972 3437 996 -.

928 1036 1089 1091 Hanc
1126 1035 1484 1091 donationem
1531 1053 1642 1091 non
1691 1035 1748 1090 in
1801 1036 1981 1091 forma
2030 1036 2384 1107 diplomatiS,
2434 1036 2533 1093 sed
2586 1037 2646 1092 in
2692 1037 2872 1093 forma
2909 1038 3139 1094 chartae
3175 1026 3438 1108 privatae

757 1121 949 1177 datam
985 1122 1154 1177 fuisse
1192 1123 1344 1193 apud
1379 1139 1466 1178 me
1503 1125 1741 1178 constat.

551 1241 588 1303 5
2522 1243 2784 1311 Corneto
2829 1246 2998 1310 1051
3042 1246 3229 1329 april.
3262 1248 3349 1312 29

553 1344 629 1408 In
673 1348 1041 1431 praesentia
1100 1347 1440 1413 Adelberti
1499 1349 1675 1412 missi
1734 1347 1795 1412 d.
1827 1348 2136 1413 Bonifatii
2180 1349 2566 1413 marchionis
2626 1355 2692 1414 et
2736 1349 2916 1414 ducis
2975 1358 3042 1416 et
3084 1351 3439 1437 Ingelberti

554 1471 655 1533 ep.
688 1450 938 1515 Bledae
984 1452 1159 1515 missi
1203 1452 1483 1517 Leonis
1514 1451 1610 1515 IX
1660 1472 1852 1516 causa
1895 1453 2064 1516 inter
2093 1452 2451 1516 Berardum
2482 1451 2628 1516 abb.
2663 1476 2710 1518 s.
2743 1454 2989 1521 Mariae
3037 1457 3102 1518 in
3133 1455 3439 1540 Pharpha

553 1559 620 1615 et
683 1553 1057 1619 Rainerium
1120 1553 1265 1619 abb.
1315 1578 1362 1621 s.
1409 1555 1729 1621 Cosmatis
1777 1577 1971 1641 super
2024 1556 2301 1621 ecclesia
2347 1579 2394 1622 s.
2442 1556 2688 1623 Mariae
2732 1559 2797 1623 in
2841 1560 3123 1629 Minione
3170 1560 3440 1646 aliisque

552 1658 839 1722 ecclesiis
885 1662 1116 1745 agitur.

930 1799 980 1835 v.
1004 1779 1245 1848 Latium,
1283 1779 1465 1836 Farfa.

553 1905 594 1962 6
2887 1906 3059 1969 1069
3099 1927 3236 1972 nov.
3273 1907 3354 1970 15

549 2005 1001 2073 Alexander
1045 2007 1115 2071 Π
1160 2013 1370 2072 sacrat
1418 2006 1621 2092 „hanc
1662 2008 1858 2072 ternis
1888 2013 2144 2072 auctam
2190 2007 2450 2074 sedibus
2489 2007 2767 2092 aulam“‚
2800 2015 3062 2095 petente
3096 2011 3438 2075 Odmundo

551 2119 821 2176 rectore.

763 2229 971 2284 Tabula
1004 2231 1068 2283 in
1103 2231 1220 2285 eccl.
1248 2247 1419 2300 penes
1451 2231 1624 2285 altare
1657 2231 1847 2286 maius.
1907 2260 1976 2270 —
2037 2230 2184 2285 Edd.
2222 2230 2469 2285 Forcella
2509 2230 2571 2284 X
2600 2235 2701 2286 321
2736 2247 2794 2287 n.
2817 2239 2919 2287 640
2950 2246 3016 2287 ex
3048 2232 3158 2288 cod.
3195 2232 3311 2289 Vat.
3347 2234 3442 2289 lat.

556 2318 735 2371 792121
770 2317 813 2383 f.
837 2323 903 2372 33
942 2333 998 2371 n.
1024 2324 1087 2371 94
1134 2317 1424 2385 (Galleui).
1520 2318 1808 2372 Armellim'
1848 2321 1936 2386 *μ
1965 2325 2087 2384 199,·
2135 2320 2227 2387 ²1).
2256 2324 2372 2373 666.
2453 2317 2643 2372 Fedclc
2679 2334 2741 2389 p.
2765 2324 2866 2373 483
2906 2324 3019 2374 not.
3045 2328 3089 2374 1.
3157 2318 3444 2374 Marucchi

543 2411 738 2471 p.468.
779 2434 843 2443 —
884 2404 1013 2472 1329.
1054 2403 1161 2459 JL.
1199 2436 1286 2459 —.

555 2566 598 2624 7
2586 2561 2908 2627 Laterano
2952 2565 3124 2627 1072
3164 2569 3277 2629 oct.
3308 2566 3352 2627 8

551 2663 1051 2729 Heldebrandus
1095 2665 1159 2733 S.
1191 2665 1269 2731 R.
1302 2665 1377 2731 Ε.
1425 2666 1790 2750 archidiac.,
1835 2667 2042 2731 vicem
2084 2665 2520 2731 Alexandri
2550 2665 2619 2729 H
2662 2687 2914 2752 gerens,
2957 2668 3022 2732 in
3052 2668 3437 2733 Lateranen.

554 2768 826 2853 palatio,
884 2769 1327 2834 assedentibus
1385 2772 1703 2857 episcopis
1749 2779 1816 2837 et
1857 2770 2251 2856 presbyteris
2298 2768 2727 2835 cardinalibus
2770 2792 2889 2836 nec
2935 2792 3063 2835 non
3106 2773 3436 2856 praefecto

555 2894 699 2937 cum
753 2873 1065 2937 iudicibus
1117 2895 1193 2939 ac
1252 2874 1692 2940 Romanorum
1746 2874 2124 2964 maioribus,
2180 2874 2419 2939 decidit
2476 2876 2974 2940 controversiam
3021 2876 3186 2939 inter
3230 2876 3437 2940 Phar-

553 2976 796 3061 phense
864 2983 932 3043 et
996 2999 1077 3043 ss,
1123 2978 1399 3045 Oosmae
1458 2985 1526 3044 et
1584 2979 1888 3045 Damiani
1955 2981 2020 3044 in
2082 2980 2252 3045 Mica
2308 3000 2506 3044 aurea
2563 2980 2952 3046 monasteria
3011 3000 3205 3066 super
3256 2974 3439 3046 bonis

553 3082 723 3166 apud
755 3081 1102 3148 Coi-netum
1150 3089 1216 3148 et
1246 3083 1868 3149 Centumcellensem
1912 3083 2138 3150 urbem
2170 3085 2326 3167 sitis,
2368 3084 2481 3149 tali
2512 3086 2684 3169 pacti
2716 3091 2939 3149 tenore
2970 3090 3042 3148 ut
3060 3085 3439 3150 Odmundus

552 3207 633 3249 ss.
665 3186 942 3252 Cosmae
989 3193 1055 3252 et
1097 3186 1398 3252 Damiani
1443 3185 1644 3251 abbas
1689 3207 1946 3251 omnem
1992 3186 2172 3251 litem
2219 3186 2458 3252 refutet
2502 3193 2569 3251 et
2597 3194 2946 3273 praecepta
2992 3194 3060 3252 et
3102 3190 3439 3275 privilegia
3506 3201 3515 3206 ’

553 3287 668 3353 sua
712 3289 961 3354 reddat.

933 3427 981 3464 v.
1008 3409 1249 3476 Latium,
1286 3409 1468 3466 Farfa.
1509 3440 1567 3450 —·
1607 3409 1690 3465 De
1727 3426 1786 3465 re
1823 3408 1892 3465 ef.
1917 3409 2122 3465 Fedele
2158 3408 2196 3463 1.
2221 3426 2267 3463 c.
2306 3427 2362 3479 p.
2385 3408 2490 3464 476
2508 3427 2589 3478 sq.

552 3531 635 3594 *8
3156 3572 3237 3582 —

553 3636 654 3700 Ex
722 3643 1069 3722 praecepto
1138 3637 1569 3703 Alexandri
1634 3637 1704 3701 II
1778 3637 2103 3702 Berardus
2170 3635 2316 3700 abb.
2380 3634 2638 3701 Farfen.
2708 3534 3153 3722 acquirigloffl
3203 3536 3438 3704 abbiate

553 3763 634 3805 ss.
668 3740 943 3807 Cosmae
990 3747 1057 3807 et
1085 3742 1385 3807 Damiani
1418 3762 1607 3806 omne
1653 3743 1751 3805 ius
1795 3743 1861 3805 in
1906 3740 2060 3805 eccl.
2108 3762 2157 3804 s.
2190 3738 2370 3804 Petri
2415 3740 2596 3804 iuxta
2628 3741 2962 3806 castellum
2995 3740 3075 3807 de
3108 3742 3436 3828 Corgnito.

932 3879 983 3917 v.
1007 3860 1249 3930 Latium,
1286 3860 1469 3917 Farfa.

552 3984 593 4045 9
2889 3985 3061 4047 1073
3107 3983 3233 4049 dec.
3269 3986 3352 4047 10

539 4084 655 4168 ‚Ex
686 4094 1035 4172 praecepto
1067 4083 1430 4174 Gregorii
1462 4088 1592 4155 VII
1624 4109 1819 4153 causa
1850 4089 2015 4153 inter
2046 4088 2402 4153 Berardum
2435 4086 2581 4152 abb.
2613 4086 2871 4152 Farfen.
2905 4095 2974 4153 et
3000 4087 3434 4198 Odimundum

553 4189 699 4254 abb.
749 4191 831 4256 de
878 4192 1264 4258 refutatione
1309 4192 1465 4258 eccl.
1498 4214 1548 4257 s.
1580 4193 1760 4257 Petri
1807 4192 1898 4277 (in
1930 4192 2241 4277 Corneto)
2287 4213 2326 4256 a
2357 4192 2555 4256 Petro
2586 4193 3101 4276 protoscriniario
3148 4215 3196 4257 s.
3230 4199 3433 4277 apost.

552 4294 724 4359 sedis
770 4317 987 4362 coram
1033 4297 1362 4382 praefecto
1409 4303 1476 4363 et
1520 4297 1779 4363 Saxone
1823 4297 2261 4363 secundicerio
2308 4297 2578 4382 aliisque
2624 4302 2950 4361 tractatur.

932 4438 981 4474 v.
1002 4419 1240 4486 Latium,
1276 4419 1458 4475 Farfa.

553 4525 638 4584 10
767 4583 786 4590 ,
2424 4511 2427 4512 *
2514 4522 2838 4588 Laterano
2882 4521 3054 4588 1157
3097 4523 3233 4587 iun.
3262 4524 3351 4588 28

551 4627 992 4695 Hadrianus
1036 4629 1133 4694 IV
1176 4629 1447 4694 Iohanni
1506 4627 1726 4694 abbati
1772 4634 1925 4694 etc.:
1971 4649 2143 4693 mon.
2189 4627 2307 4692 sub
2352 4633 2558 4713 apost.
2605 4628 3003 4712 protectione
3049 4627 3313 4711 suscipit
3369 4634 3436 4691 et

553 4733 992 4816 possessiones
1037 4735 1312 4818 propriis
1356 4754 1698 4817 expressas
1728 4732 2055 4797 vocabulis
2101 4737 2168 4796 et
2197 4731 2480 4796 decimas
2511 4730 2861 4796 confirmat.
2908 4769 2992 4779 —
3036 4730 3433 4815 Religiosam

552 4835 749 4898 vitam
806 4835 1209 4920 eligentibus.
1326 4837 1467 4923 Ego
1521 4836 1843 4902 Adrianus
1889 4841 2009 4902 etc.
2117 4834 2486 4900 Subscr.16
2548 4835 2719 4900 card.
2821 4835 2970 4900 Dat.
3027 4836 3168 4899 Lat.
3229 4856 3290 4919 p.
3347 4855 3431 4897 m.

551 4937 830 5004 Rolandi
877 4940 941 5005 S.
973 4941 1051 5006 R.
1084 4940 1159 5007 Ε.
1208 4941 1380 5007 card.
1428 4948 1495 5007 et
1538 4963 1736 5027 canc.‚
1783 4946 1822 5005 4
1869 4941 1999 5006 kal.
2035 4941 2165 5024 iul.,
2212 4941 2341 5004 ind.
2375 4944 2434 5025 5,
2481 4940 2602 5004 inc.
2637 4938 2695 5004 d.
2745 4959 2801 5002 a.
2842 4941 3025 5022 1157,
3072 4944 3246 5023 pont.
3277 4958 3335 5001 V.
3371 4937 3432 5000 d.

552 5041 820 5107 Adriani
865 5066 972 5129 pp.
1020 5045 1160 5109 1111
1204 5067 1261 5110 a.
1297 5050 1355 5112 3.

758 5164 827 5219 Α.
852 5163 986 5236 [GJ.
1038 5195 1107 5204 —
1159 5165 1265 5220 Ed.
1289 5165 1560 5235 Pfluka.
1596 5167 1740 5220 Acta
1774 5165 1849 5219 ΙΙ
1877 5170 1978 5221 360
2018 5180 2076 5218 n.
2100 5171 2208 5219 409
2251 5178 2316 5217 ατ
2342 5163 2413 5219 A.
2473 5193 2541 5205 -
2603 5162 2766 5232 Reyy.
2803 5160 3072 5231 Panaqu.
3110 5160 3220 5215 Ber
3254 5177 3313 5228 p.
3340 5166 3437 5215 258

549 5267 605 5306 n.
635 5255 746 5306 533.
817 5251 927 5306 JL.
966 5258 1139 5307 10299.
3060 5332 3127 5385 9*
