4065 6049
1387 488 1533 545 Eccl.
1570 508 1612 544 ε.
1639 489 1791 545 Petri
1828 487 1887 543 in
1923 488 2219 545 Vaticano,
3118 494 3240 557 139

357 671 483 731 *17
2791 667 3154 749 (885-91)

357 773 797 857 Stephanus
842 775 922 855 V,
978 773 1215 835 malam
1280 771 1803 836 consuetudinem
1850 772 2209 854 inveniens,
2263 777 2334 835 ut
2386 770 2779 855 presbyteri,
2843 773 2952 856 qui
2997 769 3237 834 ibidem

357 879 634 942 Domino
701 877 1076 941 sacrificium
1146 876 1431 961 quotidie
1505 875 1895 959 offerebant,
1958 875 2129 939 omni
2194 896 2361 939 anno
2416 897 2608 941 unam
2670 877 2913 941 wittam
2968 896 3238 939 consue-

358 983 727 1047 tudinaliter
799 981 1029 1045 darent
1116 979 1339 1065 (quam
1408 979 1934 1044 consuetudinem
2009 984 2269 1044 sanctae
2347 980 2698 1045 memoriae
2775 978 3061 1044 Marinus
3129 999 3238 1062 pp.

359 1085 668 1171 fregerat)
717 1136 730 1150 .
768 1136 780 1149 .
818 1137 854 1169 .,
901 1084 1018 1150 sub
1064 1086 1212 1149 forti
1260 1084 1691 1150 obtestatione
1737 1085 2079 1169 praecipit,
2127 1090 2197 1149 ut
2240 1084 2449 1149 nullus
2493 1105 2799 1170 umquam
2844 1083 2928 1148 ab
2974 1084 3068 1148 eis
3115 1104 3241 1146 non

358 1191 564 1254 solum
610 1189 760 1274 hoc,
816 1211 1036 1254 verum
1104 1188 1299 1254 etiam
1353 1187 1618 1274 aliquod
1678 1187 1982 1252 tributum
2030 1189 2336 1273 accipiat,
2402 1188 2515 1254 sed
2569 1209 2713 1253 cum
2760 1188 2931 1252 omni
2977 1187 3240 1269 honore,

357 1296 520 1359 sicut
563 1293 931 1358 sacerdotes
976 1299 1251 1378 oportet,
1299 1315 1482 1357 suum
1527 1294 1752 1378 peragi
1798 1293 2082 1358 officium
2128 1295 2222 1359 eis
2267 1295 2479 1359 liceat.

562 1421 746 1476 Lana.
784 1423 846 1475 ιη
882 1421 1005 1477 Vita
1041 1421 1299 1491 Stephani
1334 1421 1385 1477 V
1412 1421 1557 1490 (Lib.
1577 1422 1783 1492 pontif.
1821 1421 1899 1477 αι.
1927 1422 2211 1478 Duchesne
2246 1424 2315 1477 11
2345 1425 2480 1492 ιω).
2519 1451 2585 1462 -
2622 1423 2746 1494 1³09.
2770 1422 2877 1479 π..
2915 1452 2997 1477 -.

359 1601 443 1660 18
2508 1599 2680 1662 1026
2722 1597 2848 1664 dec.
2883 1598 2969 1662 17
3012 1598 3157 1681 (31)

356 1702 756 1767 Iohannes
801 1700 967 1765 XIX
1030 1700 1228 1766 Petro
1298 1723 1398 1786 ep.
1460 1700 1675 1766 Silvae
1743 1701 2075 1767 Candidae
2136 1708 2289 1767 etc.:
2363 1701 2659 1767 concedit
2727 1702 2793 1765 in
2858 1709 3240 1786 perpetuum

356 1814 645 1871 sanctum
677 1805 848 1870 diem
882 1803 1132 1869 sabbati
1178 1804 1262 1869 ad
1292 1805 1593 1889 baptismi
1625 1812 2094 1870 sacramentum
2129 1805 2582 1871 celebrandum
2630 1811 2696 1871 et
2726 1812 2930 1870 totum
2962 1806 3243 1871 officium

357 1910 721 1974 faciendum
768 1912 831 1973 in
878 1909 1154 1974 ecclesia
1200 1908 1260 1973 b.
1308 1909 1517 1993 Petri,
1577 1916 1642 1975 et
1686 1911 1936 1992 statuit,
1991 1918 2063 1977 ut
2109 1912 2280 1975 omni
2327 1932 2538 1975 annua
2584 1911 2688 1976 die
2736 1910 3056 1975 dominica
3101 1912 3238 1995 pal-

355 2036 602 2079 marum
650 2036 793 2079 cum
841 2014 1249 2099 processione
1305 2014 1387 2077 ab
1448 2015 1719 2078 ecclesia
1774 2037 1822 2077 s.
1856 2013 2102 2080 Mariae
2157 2014 2222 2078 in
2268 2015 2455 2078 Turri
2501 2020 2696 2079 exeat
2739 2019 2808 2079 et
2851 2016 3114 2080 veniens
3158 2014 3241 2079 ad

356 2140 659 2203 magnum
696 2119 900 2184 altare
947 2141 996 2183 s.
1029 2117 1208 2183 Petri
1240 2120 1500 2183 missam
1534 2118 1837 2199 celebret,
1885 2118 2179 2184 similiter
2223 2124 2290 2183 et
2321 2120 2493 2184 omni
2527 2139 2693 2183 anno
2739 2118 2803 2181 in
2850 2117 2955 2182 die
3000 2139 3241 2182 coenae

354 2223 615 2287 Domini
671 2225 931 2288 missam
993 2222 1310 2305 celebret,
1376 2222 1620 2305 ,Gloria
1681 2224 1744 2287 in
1800 2223 2092 2288 excelsis‘
2150 2223 2294 2287 Deo
2364 2222 2567 2305 dicat,
2624 2229 2912 2286 sanctum
2966 2222 3244 2286 chrisma

359 2329 683 2411 conficiat,
729 2330 1013 2413 itemque
1072 2328 1244 2392 omni
1288 2348 1455 2391 anno
1503 2326 1607 2391 die
1653 2347 2001 2411 parasceve
2049 2347 2243 2411 super
2285 2327 2491 2412 ipsum
2539 2328 2741 2393 altare
2787 2327 2992 2391 maius
3036 2331 3242 2391 totum

360 2431 646 2495 officium
693 2438 1064 2497 reverenter
1108 2431 1336 2505 faciat;
1384 2430 1680 2496 concedit
1724 2432 1914 2496 certis
1960 2430 2188 2497 diebus
2233 2430 2611 2496 oblationes.

739 2578 790 2613 v.
831 2559 1069 2622 Latium,
1105 2559 1207 2630 Ep.
1245 2560 1434 2614 Silvae
1471 2558 1775 2615 Candidas.
1812 2592 1878 2600 -
1927 2561 2006 2615 De
2054 2578 2112 2616 re
2149 2560 2217 2615 cf.
2258 2560 2317 2615 P.
2341 2560 2522 2617 Fabre
2558 2560 2665 2617 Les
2701 2560 2974 2616 offrandes
3011 2559 3150 2613 dans
3186 2559 3244 2613 la

569 2646 845 2716 basilique
882 2646 1159 2702 Vaticane
1195 2646 1253 2702 in
1289 2646 1577 2717 Melanges
1613 2648 1740 2702 XIV
1780 2649 1960 2717 (1894)
1994 2649 2197 2718 225⁸q.

354 2784 477 2846 *19
2612 2787 2843 2869 (1031)
2888 2786 3038 2850 mai.
3074 2789 3157 2848 13

355 2888 749 2952 Iohannes
793 2889 960 2953 XIX
1024 2888 1283 2954 dedicat
1334 2890 1539 2953 altare
1597 2889 1663 2953 in
1713 2890 2025 2955 honorem
2071 2913 2121 2955 s.
2164 2891 2481 2955 Martialis
2532 2891 2596 2954 in
2651 2890 2918 2956 basilica
2972 2913 3021 2954 s.
3062 2889 3242 2954 Petri

359 2992 440 3056 ad
487 2993 906 3059 meridianam
955 2995 1177 3080 templi
1222 3000 1492 3079 partem.

566 3121 749 3175 Laud.
784 3123 847 3176 in
883 3122 1147 3177 Iohannis
1187 3123 1348 3177 XIX
1380 3123 1602 3190 epistola
1648 3123 1724 3176 ad
1759 3123 2064 3178 Iordanum
2107 3141 2185 3192 ep.
2220 3124 2550 3179 Lemovicon.
2586 3128 2899 3192 amotusque
2939 3121 3246 3176 Galliarum

358 3208 625 3278 episcqvos
661 3210 822 3263 missa
859 3209 1041 3280 (Reyq.
1080 3211 1141 3266 J.
1177 3216 1318 3264 3114.
1356 3209 1463 3264 JL.
1500 3211 1671 3280 4092).
1711 3241 1772 3250 —
1812 3211 1937 3280 Ray.
1974 3210 2080 3266 JL.
2119 3241 2202 3267 —.

354 3367 439 3425 20
731 3420 736 3425 .
2806 3370 2976 3430 1037
3018 3386 3153 3430 nov.

358 3469 836 3535 Benedictus
880 3469 981 3535 IX
1024 3472 1221 3536 Petro
1269 3493 1370 3555 ep.
1414 3471 1628 3536 Silvae
1675 3470 2005 3536 Candidae
2041 3478 2189 3536 etc.:
2238 3473 2475 3555 repetit
2504 3472 2808 3536 Iohannis
2837 3471 3003 3533 XIX
3048 3469 3240 3553 privi-

360 3572 601 3657 legium
648 3576 966 3659 episcopis
1012 3597 1091 3638 ss.
1123 3574 1396 3638 Rufinae
1444 3582 1509 3640 et
1547 3575 1881 3640 Secundae
1914 3574 2156 3658 (Silvae
2188 3575 2550 3659 Candidae)
2580 3595 2952 3639 concessum
2984 3574 3075 3654 (n.
3112 3575 3241 3655 18).

739 3720 787 3757 v.
827 3701 1065 3766 Latium,
1103 3702 1204 3773 Ep.
1241 3702 1428 3758 Silvae
1467 3702 1767 3758 Candidae.

357 3841 440 3901 21
2148 3864 2163 3883 ·
2684 3843 2854 3905 1053
2896 3840 3084 3922 april.
3122 3845 3158 3902 1

363 3945 521 4008 Leo
569 3944 668 4008 IX
712 3946 984 4010 Iohanni
1030 3946 1418 4030 archipresb.
1454 3949 1608 4013 eccl.
1642 3947 1703 4012 b.
1738 3947 1916 4012 Petri
1963 3953 2028 4013 et
2072 3947 2360 4012 eiusdem
2406 3949 2561 4012 eccl.
2608 3948 3046 4013 servitoribus:
3094 3969 3243 4013 con-

362 4049 574 4112 firmat
617 4048 701 4113 ad
732 4050 1066 4134 exemplar
1097 4050 1307 4137 Sergii
1337 4051 1405 4115 II
1437 4054 1530 4133 (n.
1566 4054 1678 4134 14)
1723 4060 1790 4116 et
1833 4052 2071 4117 Leonis
2100 4051 2196 4115 IV
2227 4053 2319 4132 (n.
2349 4053 2459 4134 15)
2491 4052 2796 4117 ecclesias
2826 4075 2907 4117 ss.
2941 4052 3245 4117 Iohannis

365 4159 431 4216 et
476 4151 682 4236 Pauli,
730 4177 778 4216 s.
811 4154 1089 4237 Martini,
1145 4178 1194 4220 s.
1228 4155 1536 4242 Stephani
1578 4157 1838 4219 maioris
1883 4161 1949 4220 et
1993 4177 2042 4218 s.
2076 4155 2386 4240 Stephani
2433 4157 2715 4239 minoris,
2760 4178 2982 4222 eorum
3028 4155 3245 4220 usibus

362 4256 731 4340 destinatas,
765 4279 908 4321 cum
942 4280 1162 4324 earum
1201 4259 1729 4344 possessionibus,
1762 4266 1828 4325 et
1863 4258 2158 4324 concedit
2187 4260 2559 4325 facultatem
2604 4262 2669 4324 in
2714 4262 2989 4347 propriis
3033 4260 3245 4324 fundis

364 4360 670 4424 ecclesias
714 4362 1119 4427 construendi
1166 4367 1233 4428 et
1275 4364 1341 4426 in
1385 4365 1667 4448 ipsorum
1714 4364 2000 4429 ecclesiis
2031 4364 2426 4450 episcopalia
2471 4364 2820 4449 recipiendi
2866 4387 2906 4429 a
2935 4386 3242 4450 quocum-

363 4485 487 4547 que
533 4464 851 4529 catholico
897 4467 1219 4551 episcopo.
1267 4502 1349 4513 -—
1396 4467 1714 4532 Convenit
1756 4468 2112 4553 apostolico
2158 4468 2598 4534 moderamini.
2687 4469 2837 4533 Dat.
2884 4469 3014 4535 kal.
3062 4470 3242 4554 april.

363 4590 424 4651 p.
473 4590 554 4631 m.
603 4568 914 4633 Friderici
962 4568 1124 4633 diac.
1173 4569 1235 4634 S.
1277 4569 1356 4634 R.
1397 4569 1471 4634 Ε.
1519 4568 1672 4635 bibl.
1734 4577 1802 4636 et
1858 4592 2032 4636 canc.
2080 4573 2220 4638 vice
2268 4571 2327 4637 d.
2373 4571 2732 4638 Hermanni
2776 4573 3129 4638 archicanc.
3178 4581 3245 4638 et

361 4671 693 4738 Colonien.
741 4672 1046 4757 archiep,
1092 4693 1150 4737 a.
1199 4671 1260 4736 d.
1307 4674 1545 4737 Leonis
1591 4674 1689 4739 IX
1733 4696 1841 4760 pp.
1890 4680 1950 4758 5,
1995 4675 2125 4739 ind.
2175 4681 2233 4742 6.

569 4801 645 4854 Βι
681 4819 732 4856 α.
772 4810 907 4857 1340
939 4802 1174 4867 feb-,14
1236 4800 1313 4854 B²
1346 4818 1397 4856 a.
1425 4810 1562 4856 1350
1605 4802 1723 4856 iun.
1751 4810 1800 4856 5.
1862 4803 1942 4856 Β*
1965 4803 2199 4860 ⁸.X1V.
2256 4805 2346 4873 [D
2379 4806 2423 4871 f.
2447 4810 2542 4861 65⁴.
2572 4812 2644 4860 76.
2673 4815 2759 4862 84.
2796 4815 2903 4861 141.
2961 4804 3023 4859 F
3050 4807 3241 4872 f.175¹.

365 4896 477 4941 180.
517 4897 624 4942 181.
666 4892 794 4943 182‘.
871 4889 911 4942 Ι
935 4890 978 4954 f.
1006 4891 1106 4943 82¹.
1188 4885 1234 4940 O
1265 4887 1310 4952 f.
1338 4894 1372 4942 3
1396 4887 1529 4943 Em.
1603 4888 1649 4942 S
1675 4889 1717 4954 f.
1745 4890 1892 4958 133J.
1941 4919 2002 4928 —
2044 4889 2184 4945 Edd.
2223 4891 2367 4946 Bau.
2404 4891 2524 4947 Vae.
2561 4893 2597 4946 1
2629 4900 2699 4948 33
2734 4909 2802 4948 ex
2836 4893 2913 4946 Βι
2949 4916 3013 4938 --
3052 4892 3243 4962 Miqm

367 4973 637 5028 CXLIII
667 4982 760 5029 723
795 4992 848 5028 n.
880 4981 959 5029 81.
1029 4974 1380 5043 Schiaparelli
1425 4993 1482 5030 n.
1517 4984 1580 5031 18
1615 4992 1682 5031 ex
1716 4977 1874 5033 131-2.
1918 5007 1987 5016 —
2035 4978 2197 5049 Reqy.
2247 4979 2441 5033 Petrus
2482 4979 2708 5034 Mallius
2741 4997 2783 5034 c.
2820 4988 2867 5035 5.
2934 4981 3012 5034 M.
3051 4978 3243 5048 Veyius

358 5061 441 5113 lib.
470 5060 545 5114 ΙΙ
574 5077 616 5115 e.
645 5069 693 5116 3.
758 5061 1000 5130 Torriyio
1038 5064 1110 5096 Μ
1139 5078 1196 5129 p.
1224 5069 1336 5117 327.
1396 5062 1449 5117 J.
1489 5071 1631 5118 3262.
1670 5062 1776 5119 JL.
1813 5072 1963 5118 4294.

738 5174 805 5228 cf.
843 5172 1088 5228 eiusdem
1143 5174 1342 5229 Leonis
1379 5175 1454 5228 IX
1500 5173 1803 5245 privilegia
1847 5195 1948 5247 pro
1995 5195 2139 5231 mon.
2177 5198 2218 5232 s.
2256 5177 2484 5233 Martini
2521 5197 2572 5234 a.
2613 5179 2747 5235 1053
2798 5183 2958 5236 mart.
2984 5181 3047 5235 21
3087 5181 3159 5250 (u.
3187 5181 3242 5254 4)

567 5264 626 5316 et
662 5279 763 5331 pro
797 5279 942 5318 mon.
979 5279 1020 5315 s.
1047 5259 1322 5332 Stephani
1357 5262 1583 5318 maioris
1617 5280 1667 5320 a.
1697 5263 1830 5320 1053
1866 5267 2028 5322 mart.
2053 5266 2123 5320 24
2160 5268 2234 5334 (n.
2259 5266 2330 5338 6).
