4065 6049
877 484 1296 541 Xenodochium
1334 484 1653 541 Aniciorum
1692 516 1758 525 —
1795 484 1945 541 Eccl.
1981 504 2022 540 s.
2051 484 2241 540 Leucii
2276 485 2333 539 in
2360 482 2468 539 Via
2502 481 2797 539 Flaminia.
3160 491 3276 550 157

391 663 798 728 xenodochio
871 662 1320 745 Anichiorum‚
1389 663 1492 725 cui
1562 661 1926 726 Florentius
1994 660 2157 725 diac.
2214 666 2501 746 praeest,
2570 660 2910 742 concessit,
2974 659 3160 722 simul
3217 665 3283 723 et

393 769 795 833 emissarium
844 768 1029 831 latori
1079 768 1510 851 praesentium
1558 765 1912 830 contradat.
1962 804 2044 811 —-
2089 765 2574 849 Experientiam
2621 770 2817 828 tuam.

599 879 728 948 Rey.
769 878 924 947 Greq.
963 879 1005 932 I
1043 878 1126 932 lib.
1154 877 1255 931 IX
1302 894 1381 945 ep.
1406 884 1455 931 8.
1517 907 1582 915 -—
1643 876 1789 931 Edcl.
1827 876 1879 929 S.
1924 876 2171 945 Greyofl'i
2215 876 2349 945 Opp.
2387 875 2465 929 ed.
2505 876 2692 929 Maur.
2732 874 2806 927 II
2844 874 2927 928 lib.
2960 873 3094 926 XII
3118 891 3175 926 n.
3203 880 3282 929 39.

401 967 590 1020 Mansi
631 966 693 1019 X
727 972 830 1019 334
867 982 922 1020 n.
951 972 1033 1019 43.
1105 966 1296 1035 Miyne
1333 964 1643 1019 LXXVII
1675 971 1801 1018 1247
1834 981 1888 1018 n.
1914 969 1997 1018 39.
2078 964 2229 1018 Mon.
2276 964 2448 1018 Germ.
2486 963 2636 1031 Epp.
2673 962 2741 1015 11
2772 968 2853 1016 46.
2909 991 2974 1000 —
3036 960 3191 1029 Reyy.
3230 960 3282 1014 J.

395 1061 535 1107 1472.
608 1053 729 1107 ΔΕ.
770 1058 912 1106 1532.

608 1396 931 1464 Ecclesla
975 1414 1032 1464 s.
1064 1396 1430 1465 Valentini
1475 1397 1685 1463 iuxta
1729 1397 2019 1481 pontem
2068 1395 2384 1463 milvium
2431 1395 2509 1461 ln
2538 1393 2675 1461 Via
2719 1393 3098 1461 FlamInIa.

596 1528 659 1582 G.
699 1528 941 1583 Marini
981 1528 1004 1582 1
1053 1526 1239 1597 papiri
1288 1525 1641 1596 diplomatici
1689 1527 1774 1594 (In
1813 1525 1989 1581 Roma
2027 1526 2183 1592 1805)
2231 1525 2411 1593 p.225
2458 1526 2573 1579 not.
2599 1524 2648 1579 3.
2703 1554 2762 1562 —
2826 1524 2976 1580 Gius.
3016 1525 3281 1579 Settele

397 1614 782 1670 lllustrazione
839 1616 893 1670 di
953 1618 1043 1670 un’
1081 1615 1272 1669 antica
1317 1614 1605 1669 iscrizione
1651 1613 1916 1669 esistente
1965 1613 2120 1667 nella
2157 1612 2347 1667 chiesa
2382 1612 2439 1665 di
2477 1611 2529 1666 S.
2568 1610 2834 1665 Silvestro
2881 1610 2936 1665 in
2975 1610 3175 1681 Capite
3223 1611 3281 1665 in

391 1703 619 1757 Dissert.
657 1703 785 1756 dell’
827 1702 1028 1757 Accad.
1067 1702 1221 1755 Rom.
1262 1700 1318 1755 di
1356 1702 1598 1756 archeol.
1627 1702 1704 1755 111
1734 1701 1913 1768 (1829)
1949 1700 2047 1754 231
2072 1718 2152 1767 sq.
2189 1730 2257 1737 —
2294 1699 2358 1753 O.
2385 1698 2738 1752 Marucchi
2779 1699 2857 1753 La
2883 1698 3069 1768 cripta
3104 1700 3280 1769 sepol-

390 1792 538 1844 crale
577 1790 632 1844 di
672 1791 724 1845 S.
750 1790 1058 1845 Valentino
1095 1789 1243 1843 sulla
1280 1789 1373 1843 via
1398 1789 1676 1844 Flaminia
1713 1788 1769 1842 in
1796 1787 1888 1842 Gli
1924 1787 2073 1842 studi
2113 1787 2170 1840 in
2197 1786 2370 1841 Italia
2396 1786 2593 1852 (Roma
2622 1785 2793 1845 1878).
2824 1817 2885 1825 -
2922 1786 2986 1841 G.
3012 1787 3280 1842 Tomas·

389 1877 554 1931 setti
594 1877 650 1930 in
690 1878 855 1932 Arch.
879 1877 1031 1931 della
1057 1876 1177 1931 Soc.
1205 1877 1363 1931 Rom.
1392 1876 1468 1929 VI
1498 1876 1678 1943 (1883)
1712 1875 1806 1929 189
1827 1893 1907 1943 sq.
1948 1905 2009 1913 —
2049 1873 2112 1929 O.
2139 1871 2487 1927 Marucchi
2525 1873 2570 1926 ll
2596 1872 2849 1927 cimitero
2885 1890 2915 1925 e
2953 1873 3009 1927 la
3045 1873 3283 1927 basilica

389 1965 445 2017 di
484 1964 534 2018 S.
563 1964 866 2018 Valentino
900 1965 1099 2032 (Roma
1137 1964 1312 2030 1890).
1349 1993 1414 2002 -
1455 1960 1809 2016 Armellini
1855 1965 1947 2030 ’p.
1972 1961 2103 2025 662;
2143 1963 2237 2029 ¹p.
2263 1960 2366 2014 843
2385 1978 2467 2028 sq.

606 2086 882 2151 Condita
928 2107 967 2150 a
1010 2086 1177 2149 Iulio
1223 2086 1255 2149 Ι
1304 2085 1473 2170 (Lib.
1509 2085 1733 2171 pontif.
1769 2083 1870 2149 ed.
1903 2083 2247 2148 Duchesne
2281 2083 2312 2147 I
2347 2087 2405 2147 9.
2440 2086 2598 2157 205;
2646 2084 3006 2148 Mommsen
3052 2107 3113 2169 p.
3150 2087 3280 2170 75),

391 2199 699 2256 renovata
745 2191 826 2255 ab
858 2191 1149 2255 Honorio
1183 2192 1215 2254 Ι
1263 2199 1327 2255 et
1373 2213 1413 2256 a
1444 2191 1789 2255 Theodoro
1823 2189 1855 2252 Ι
1887 2187 1976 2274 (n.
2019 2187 2101 2272 1),
2149 2189 2394 2252 refecta
2439 2210 2479 2252 a
2509 2188 2729 2253 Leone
2761 2189 2865 2251 III
2910 2188 3280 2273 (Duchesne

393 2296 456 2358 II
506 2296 638 2381 28),
687 2296 807 2359 fuit
852 2295 1154 2359 decorata
1201 2318 1240 2359 a
1285 2295 1640 2360 Benedicto
1673 2295 1742 2359 II
1790 2293 2162 2378 (Duchesne
2207 2293 2242 2356 I
2274 2296 2427 2369 3633
2475 2294 2832 2358 Mommsen
2880 2316 2941 2377 p.
2976 2295 3150 2379 203),
3199 2294 3279 2358 ab

391 2398 724 2463 Hadriano
771 2400 803 2462 I
858 2399 1230 2484 (Duchesne
1277 2401 1309 2463 Ι
1357 2406 1502 2465 500.
1553 2400 1738 2485 504),
1799 2420 1838 2463 a
1892 2399 2114 2462 Leone
2161 2398 2265 2461 111
2310 2397 2380 2482 (l.
2415 2419 2468 2462 c.
2517 2396 2583 2459 II
2630 2400 2688 2461 9.
2738 2399 2849 2483 20)
2906 2404 2972 2461 et
3032 2420 3071 2462 a
3116 2397 3279 2463 Gre-

391 2504 572 2587 gorio
618 2504 709 2567 IV
755 2500 824 2587 (l.
859 2524 913 2565 c.
962 2503 1028 2566 II
1077 2503 1206 2588 78).
1299 2503 1399 2568 Ibi
1447 2505 1598 2567 olim
1645 2502 1944 2567 exstabat
1988 2503 2467 2580 monasterium,
2515 2502 2688 2587 quod
2734 2504 2900 2566 inter
2944 2502 3071 2565 XX
3116 2503 3280 2565 anti-

391 2628 549 2689 quas
611 2604 803 2669 Urbis
862 2605 1154 2671 abbatias
1214 2609 1303 2671 ita
1365 2615 1761 2672 recensetur:
1834 2606 1937 2690 „S.
1971 2607 2297 2671 Valentini
2334 2607 2525 2669 iuxta
2570 2606 2894 2690 pontem“.
3017 2605 3176 2671 Inde
3243 2628 3282 2670 a

389 2730 557 2773 saec.
593 2710 688 2772 IX
736 2712 799 2772 in
847 2709 1246 2774 documentis
1291 2711 1662 2774 monasterii
1710 2733 1759 2773 s.
1794 2709 2082 2774 Silvestri
2115 2709 2411 2793 Romani,
2444 2710 2621 2772 cuius
2651 2710 2803 2773 iuris
2835 2718 2993 2793 erat,
3026 2711 3283 2793 saepius

393 2815 729 2878 invenitur.
822 2813 954 2879 Sed
1000 2835 1168 2879 saec.
1201 2814 1363 2880 XVI
1411 2815 1685 2880 ecclesia
1732 2815 2059 2880 destructa
2103 2812 2331 2878 fuerat.

604 2969 705 3035 De
751 2969 1009 3035 archivo
1055 2969 1232 3034 nihil.
2576 3016 2589 3022 -

389 3091 467 3151 *1
2833 3090 3196 3172 (642—49)

390 3194 544 3258 The
561 3195 651 3258 od
667 3216 840 3259 orus
868 3195 1060 3279 „fecit
1083 3202 1150 3260 et
1174 3196 1448 3260 ecclesia
1472 3195 1532 3259 b.
1555 3195 1899 3260 Valentino
1925 3196 2029 3259 via
2052 3194 2455 3258 Flamminea
2480 3195 2660 3258 iuxta
2684 3201 2947 3279 pontem
2971 3196 3279 3259 Molvium

391 3322 430 3362 a
475 3300 634 3379 solo,
682 3322 873 3384 quam
922 3309 988 3363 et
1034 3302 1171 3384 ipse
1220 3298 1543 3363 dedicavit
1588 3307 1654 3364 et
1699 3298 1869 3363 dona
1913 3299 2117 3363 multa
2162 3298 2455 3363 obtulit“.

600 3410 783 3465 Laud.
820 3411 882 3463 in
919 3410 1038 3464 Vita
1082 3410 1339 3464 Theodori
1374 3410 1517 3478 (Lib.
1548 3411 1747 3478 pontis.
1784 3410 1860 3464 etl.
1899 3409 2179 3463 Duchaene
2218 3411 2254 3461 I
2281 3416 2404 3474 333,-
2441 3410 2734 3463 Mommsen
2768 3428 2823 3478 p.
2852 3415 2987 3478 180).
3035 3442 3100 3451 -
3150 3412 3279 3481 Req.

398 3497 508 3551 JE.
545 3528 629 3551 —-.

1137 3634 1459 3703 Ecclesia
1502 3653 1560 3702 s.
1591 3634 1838 3702 Leucii
1885 3634 1958 3700 ln
1989 3635 2124 3704 Via
2167 3634 2544 3703 Flamlnia.

607 3766 746 3830 Iam
786 3766 1094 3852 Gregorii
1122 3767 1155 3831 I
1201 3766 1595 3853 temporibus
1640 3768 1812 3853 apud
1858 3768 2023 3832 hanc
2057 3769 2396 3832 ecclesiam
2428 3771 2883 3833 monasterium
2916 3769 3056 3854 fuit,
3103 3773 3279 3836 cuius

391 3870 592 3936 abbas
645 3873 1014 3955 Oportunus
1068 3871 1150 3935 ab
1205 3874 1344 3956 ipso
1399 3894 1570 3957 papa
1626 3874 1990 3938 nominatur
2048 3873 2241 3958 (Reg.
2290 3872 2485 3957 Greg.
2520 3873 2551 3937 I
2597 3872 2705 3937 lib.
2741 3874 2842 3937 XI
2887 3896 2988 3958 ep.
3022 3881 3124 3940 57.
3214 3877 3277 3942 J.

398 3979 581 4039 1428.
671 3975 790 4039 JE.
845 3975 1056 4060 1849).
1147 3976 1517 4041 Hadrianus
1562 3977 1594 4039 Ι
1655 3976 1737 4040 ab
1791 3975 2139 4041 heredibus
2191 3978 2449 4042 Mastali
2508 3978 2854 4061 primicerii
2909 3986 2977 4042 et
3030 4002 3069 4044 a
3114 3978 3277 4045 Gre-

391 4081 574 4164 gorio
639 4079 1076 4144 secundicerio
1136 4102 1358 4145 eorum
1412 4082 1739 4166 portiones
1793 4080 2135 4145 fundorum
2182 4088 2247 4145 ct
2292 4082 2598 4146 casalium
2644 4103 2771 4146 una
2816 4103 2959 4146 cum
3006 4084 3281 4150 ecclesia

390 4208 438 4247 s.
472 4185 694 4248 Leucii
752 4185 1090 4269 acquisivit
1146 4184 1255 4268 (cf.
1303 4186 1499 4249 etiam
1558 4184 1826 4249 Galletti
1884 4184 2010 4249 Del
2069 4186 2409 4269 primicero
2465 4208 2528 4270 p.
2562 4191 2663 4251 53.
2712 4191 2822 4262 593
2888 4186 3277 4254 Tomassetti

395 4288 458 4350 in
517 4287 716 4352 Arch.
767 4287 940 4352 della
987 4289 1129 4353 Soc.
1177 4287 1365 4353 Rom.
1399 4289 1530 4353 VII
1575 4289 1803 4374 (1884)
1858 4293 1976 4354 186
2004 4289 2149 4375 sq.).
2260 4289 2509 4354 Eadem
2577 4291 2850 4355 ecclesia
2917 4294 3281 4357 nominatur

394 4393 727 4456 etiamtum
775 4395 839 4456 in
870 4394 1020 4458 Vita
1065 4393 1401 4458 Benedicti
1449 4393 1549 4457 111
1598 4393 1769 4480 (Lib.
1816 4394 2044 4478 pontif.
2092 4394 2195 4458 ed.
2242 4394 2585 4458 Duchesne
2631 4393 2701 4458 II
2754 4400 2893 4459 141.
2949 4398 3118 4482 142),
3164 4398 3278 4462 sed

391 4496 586 4581 paulo
632 4503 780 4581 post
824 4497 1075 4562 videtur
1120 4497 1333 4562 diruta
1378 4497 1593 4562 fuisse.
1684 4497 1882 4562 Plura
1926 4499 2244 4563 nescimus
2290 4498 2397 4582 (cf.
2432 4499 2769 4564 Armellini
2819 4499 2932 4584 ²p.
2967 4502 3140 4582 849).

394 4636 473 4698 *1
2827 4639 3193 4722 (772—95)

392 4738 830 4804 Hadrianus
861 4739 894 4803 I
929 4741 1305 4824 „ecclesiam
1338 4764 1386 4806 s.
1413 4742 1636 4807 Leucii
1660 4743 1909 4807 noviter
1930 4748 2317 4825 restaurans,
2350 4741 2551 4806 mirae
2576 4742 3033 4826 magnitudinis
3053 4742 3277 4808 domo-

393 4843 631 4907 cultam
678 4841 919 4907 ibidem
949 4843 1010 4909 b.
1044 4843 1240 4910 Petro
1290 4896 1304 4910 .
1340 4896 1354 4910 .
1403 4846 1768 4911 aedificavit
1798 4852 1865 4911 et
1909 4848 1971 4910 in
2003 4853 2387 4931 perpetuum
2420 4847 2733 4910 concessit
2778 4852 2844 4910 et
2888 4846 2952 4909 in
2997 4868 3077 4911 ea
3119 4848 3278 4913 fines

393 4947 758 5030 ampliavit,
805 4953 937 5012 tam
984 4971 1067 5014 ex
1112 4948 1475 5015 hereditate
1523 4949 1847 5036 quondam
1893 4948 2227 5014 Paschalis
2272 4971 2595 5035 quamque
2650 4971 2733 5014 ex
2777 4953 3277 5016 commutatione

392 5050 738 5116 heredibus
783 5052 1107 5138 quondam
1153 5055 1393 5119 Luciae
1440 5076 1554 5120 seu
1599 5054 1903 5119 Iohannis
1948 5055 2292 5139 primicerii
2339 5055 2442 5119 vel
2488 5054 2882 5119 diversorum
2928 5055 3275 5119 locorum“.

599 5162 780 5218 Laud.
815 5164 877 5217 in
911 5164 1034 5218 Vita
1072 5165 1361 5219 Ηαᾱήαηι·
1396 5166 1437 5219 1
1461 5164 1604 5233 (ω.
1635 5166 1835 5236 pontif.
1871 5165 1951 5226 ed.
1988 5165 2278 5220 Duchesnc
2313 5166 2351 5220 1
2378 5168 2522 5226 609).
2558 5196 2625 5205 —
2663 5165 2789 5236 Req.
2826 5165 2936 5221 JE.
2974 5196 3058 5222 -.

771 5260 838 5315 cf.
879 5259 1117 5324 Latium,
1157 5260 1504 5317 Patrimonia
1538 5260 1592 5317 S.
1621 5261 1683 5317 R.
1709 5261 1769 5318 E.
