4065 6049
1093 504 1240 563 Ecel.
1278 527 1318 562 s.
1356 503 1671 563 Sebastiani
1709 510 1781 563 ad
1818 504 2192 564 Catacumbas
2230 508 2285 563 in
2322 506 2432 564 Via
2468 509 2674 579 Appia.
3196 516 3314 578 163

433 712 480 749 s.
531 686 924 765 Sebastiani,
1004 687 1064 748 in
1133 706 1258 770 quo
1318 685 1622 749 nonnulla
1676 686 2013 771 privilegia
2076 691 2141 747 et
2207 685 2550 749 nonnullae
2611 686 2865 750 litterae
2922 687 3315 769 apostolicae

432 792 793 875 descriptae
827 796 893 853 et
923 788 1216 853 manibus
1247 789 1642 854 diversorum
1686 791 2079 854 notariorum
2124 789 2524 875 publicorum
2556 790 2951 876 subscriptae
2996 791 3313 856 fuerunt“.

437 897 611 959 Inter
678 896 838 960 haee
907 894 1146 959 multae
1216 893 1652 979 indulgentiae
1722 894 2090 978 laudantur,
2169 916 2329 980 quas
2407 895 2773 979 Corneliae,
2852 895 3204 982 Gregorius
3262 897 3313 979 I,

431 1001 672 1083 Xystus
727 1000 792 1063 Il
861 998 1199 1063 ecelesiam
1267 997 1668 1062 visitantibus
1734 1006 2203 1063 concesserunt.
2332 999 2517 1063 Aliae
2585 1006 2801 1064 autem
2877 1001 3314 1086 indulgentiae

431 1126 470 1166 a
503 1103 819 1188 Gregorio
852 1103 905 1186 I,
952 1104 1243 1187 Pelagio,
1291 1104 1445 1167 item
1478 1102 1818 1187 Gregorio,
1865 1100 2195 1187 Silvestre,
2242 1102 2638 1185 AlexandrO,
2685 1103 2976 1187 NieoIaO,
3023 1105 3315 1188 Pelagio,

432 1207 723 1270 Honorio
770 1214 837 1271 et
884 1207 1170 1270 Iohanne
1218 1227 1560 1271 concessae
1606 1213 2062 1271 enumerantur
2106 1208 2169 1270 in
2201 1214 2620 1292 transumpto,
2667 1209 2839 1273 iussu
2884 1208 3188 1273 Andreae
3235 1209 3316 1272 de

432 1311 776 1375 Iacebatiis
822 1332 922 1395 cp.
970 1312 1268 1375 Lucerini
1315 1333 1371 1374 a.
1421 1315 1574 1375 1521
1629 1310 1800 1375 facto
1847 1309 1978 1395 (ed.
2027 1309 2251 1376 Grisar
2294 1312 2336 1374 l.
2370 1333 2423 1375 e.
2470 1334 2531 1395 p.
2574 1317 2697 1377 447
2726 1312 2849 1398 sq.)
2897 1320 2964 1377 et
3008 1314 3071 1374 in
3118 1311 3315 1374 docu-

429 1426 644 1483 mento
691 1416 1001 1482 Ludoviei
1045 1418 1361 1482 Becatelli
1407 1440 1508 1502 ep.
1550 1418 1884 1482 Ravellen.
1931 1440 1988 1482 a.
2030 1423 2192 1482 1596
2239 1419 2530 1483 confecto
2578 1417 2708 1504 (ed.
2754 1417 2806 1480 Ι.
2853 1416 2954 1481 De
3000 1415 3318 1480 Albericis

430 1523 470 1585 1.
513 1543 566 1586 c.
610 1545 669 1606 p.
721 1521 849 1606 79).
961 1521 1242 1586 Easdem
1308 1523 1717 1587 remissiones
1777 1544 1816 1586 a
1861 1522 2199 1607 Silvestre,
2253 1524 2461 1607 Xysto
2530 1528 2597 1587 et
2664 1521 2980 1606 Gregorio
3039 1519 3318 1583 indultas

428 1628 728 1691 Clemens
759 1626 891 1691 VII
936 1648 994 1691 a.
1035 1629 1195 1691 1523
1245 1647 1386 1690 noV.
1419 1630 1501 1691 26
1549 1627 1971 1703 confirmavit;
2020 1629 2304 1713 itemque
2349 1627 2591 1691 Paulus
2620 1626 2725 1690 III
2771 1648 2827 1691 a.
2868 1630 3028 1690 1537
3075 1626 3199 1688 ian.
3234 1627 3317 1687 26

430 1734 565 1815 egit
608 1754 722 1815 pro
771 1731 1183 1814 indulgentiis
1229 1730 1555 1816 Gregorii,
1616 1730 1934 1815 Silvestri,
1980 1731 2358 1815 Alexandri,
2404 1731 2677 1814 Nicolai,
2723 1728 2998 1813 Pelagii,
3043 1729 3315 1793 Honorii

430 1843 496 1899 et
527 1835 850 1899 Iohannis.
920 1836 1106 1900 Conf.
1140 1838 1337 1900 etiam
1370 1835 1799 1901 Summarium
1832 1836 2376 1921 indulgentiarum
2409 1856 2855 1901 concessarum
2898 1884 2912 1898 .
2948 1884 2962 1898 .
2996 1836 3061 1898 in
3092 1832 3315 1897 rotulis

429 1942 700 2025 repertis
753 1941 816 2003 in
879 1941 1137 2005 archivo
1183 1963 1353 2005 mon.
1402 1966 1450 2006 s.
1493 1940 1940 2006 Pudentianae
1997 1941 2133 2005 ord.
2194 1941 2521 2006 reformat.
2571 1964 2620 2008 s.
2651 1938 2965 2004 Bernardi
3012 1938 3316 2002 extractis

429 2066 545 2127 per
590 2044 648 2108 d.
697 2044 1023 2130 Angelum
1079 2067 1116 2109 a
1163 2069 1210 2109 s.
1253 2045 1606 2110 Benedicto
1655 2044 1992 2110 Sublacen.
2031 2067 2099 2109 aa.
2140 2048 2301 2109 1672
2350 2046 2476 2109 iun.
2511 2048 2593 2108 25
2640 2045 2705 2107 in
2751 2042 2891 2107 cod.
2924 2041 3073 2105 Vat.
3122 2039 3313 2104 Barb.

430 2154 587 2211 4591
653 2147 737 2231 (L
789 2147 936 2232 140)
985 2149 1026 2212 f.
1062 2152 1165 2212 65‘
1220 2148 1330 2232 (cf.
1380 2149 1554 2214 Gfitt.
1603 2149 1839 2214 Nachr.
1893 2152 2056 2214 1903
2104 2172 2166 2233 p.
2202 2150 2314 2233 99)
2370 2156 2438 2213 et
2489 2147 2798 2213 Scritture
2867 2167 2902 2210 e
2949 2145 3315 2208 documenti

428 2251 577 2316 dell'
628 2255 940 2317 erettione
987 2256 1052 2317 in
1097 2256 1469 2339 parochiale
1516 2256 1579 2319 la
1626 2256 1841 2321 chiesa
1888 2256 1952 2319 di
1986 2254 2050 2319 S.
2085 2254 2467 2319 Sebastiano
2515 2254 2693 2318 detto
2740 2252 2868 2316 alle
2900 2249 3315 2331 Cataeombe,

428 2378 476 2417 s.
520 2355 748 2439 XVII,
806 2357 1017 2421 Roma
1070 2358 1263 2423 Arch.
1326 2359 1678 2442 capitolare
1734 2359 1797 2422 di
1854 2358 1917 2423 S.
1952 2358 2269 2423 Giovanni
2317 2359 2380 2421 in
2426 2359 2749 2422 Laterano
2797 2354 2884 2440 (N
2936 2353 3165 2429 XXII;
3234 2353 3314 2416 ef.

429 2458 603 2523 Giitt.
653 2458 887 2524 Nachr.
930 2465 1089 2526 1903
1135 2485 1198 2547 p.
1233 2464 1407 2548 538).
1501 2464 1682 2537 Quae
1726 2465 1941 2526 omnia
1986 2484 2247 2547 prorsus
2291 2463 2545 2545 ficticia,
2593 2483 2789 2546 quum
2835 2460 3007 2523 omni
3054 2479 3315 2521 accura-

429 2564 575 2627 tiori
622 2565 1006 2629 indicatione
1052 2572 1332 2650 careant,
1380 2568 1444 2629 in
1488 2568 1720 2631 nostris
1764 2569 2035 2652 regestis
2082 2566 2438 2631 omittenda
2482 2587 2623 2631 esse
2669 2565 3023 2629 statuimus.
3100 2562 3315 2626 Docu-

429 2674 646 2731 menta
691 2669 940 2753 reliqua
985 2691 1067 2734 ex
1114 2693 1162 2733 s,
1194 2671 1441 2736 Mariae
1485 2670 1711 2736 Novae
1760 2671 2075 2736 tabulario
2123 2673 2526 2756 sumpsimus.

429 2822 508 2883 *1
2869 2825 3231 2907 (366—84)

427 2925 800 2991 Damasus
849 2977 909 2992 ..
958 2929 1217 2995 dedicat
1261 2931 1634 3014 platoniam,
1679 2931 1787 2995 ubi
1834 2953 2104 3016 corpora
2150 2930 2585 3016 apostolorum
2633 2931 2981 2994 iacuerunt.

433 3144 486 3198 R
632 3057 816 3113 Laud.
839 3059 902 3111 in
939 3059 1060 3113 Vita
1087 3059 1318 3113 Damasi
1341 3061 1487 3128 (Lib.
1505 3061 1708 3130 pontis.
1736 3061 1812 3115 etl.
1839 3062 2122 3116 Duclzesnc
2147 3062 2284 3115 184.
2310 3067 2397 3115 85.
2422 3067 2545 3127 212‚·
2566 3061 2860 3114 Mommsen
2874 3075 2934 3127 p.
2957 3066 3042 3116 83.
3064 3061 3211 3124 250).
3250 3084 3316 3093 -·

488 3161 560 3213 eq.
587 3146 708 3201 JK.
750 3177 830 3199 -.

425 3285 507 3350 *2
2873 3285 3232 3369 (43.2-40)

426 3391 713 3475 Xystus
760 3392 862 3455 III
911 3394 1181 3457 instituit
1226 3395 1682 3458 monasterium
1733 3394 1835 3478 „in
1884 3394 2366 3478 Catatymbas“.

634 3518 815 3572 Laud.
861 3521 922 3572 in
963 3521 1090 3575 Vita
1149 3522 1312 3592 Xysti
1348 3522 1460 3576 111
1503 3523 1648 3591 (Lib.
1686 3524 1889 3590 pontis.
1934 3522 2014 3577 ed.
2063 3523 2351 3576 Duchesne
2389 3522 2429 3574 Ι
2456 3529 2583 3587 234,-
2643 3519 2934 3572 Mommsen
2978 3533 3034 3585 p.
3088 3518 3194 3584 99).
3250 3546 3313 3554 ——

434 3605 559 3673 Rcgy.
599 3605 720 3659 JK.
760 3636 843 3661 —.

427 3744 508 3804 *3
2867 3744 3227 3826 (858—67)

429 3849 486 3912 N
507 3850 806 3914 icolaus
852 3850 884 3913 Ι
931 3853 1147 3917 condit
1189 3855 1646 3918 monasterium
1693 3855 1797 3918 via
1826 3854 2045 3938 Appia
2089 3855 2154 3917 in
2199 3853 2589 3918 coemeterio
2644 3873 2693 3913 s.
2736 3849 2973 3913 Christi
3018 3847 3314 3930 martyris

427 3953 786 4018 Sebastiani
846 3957 911 4019 in
955 3957 1351 4022 Catacumba
1398 4009 1411 4022 .
1448 4010 1461 4023 .
1511 3958 1726 4044 ibique
1773 3960 2102 4023 constituit
2147 3959 2495 4023 monachos
2539 3955 2657 4019 sub
2704 3954 2956 4019 abbatis
3002 3952 3312 4037 regimine

427 4059 750 4144 victuique
798 4064 1160 4126 necessaria
1204 4062 1342 4126 dari
1390 4071 1736 4149 ceteraque
1781 4064 2104 4148 stipendia
2147 4064 2491 4127 ministrari
2536 4060 2871 4146 praecipit.

635 4188 813 4244 Laud.
848 4190 910 4242 in
941 4190 1070 4246 Vita
1105 4191 1323 4247 Nioelai
1360 4194 1402 4247 ι
1430 4195 1577 4263 (m.
1607 4195 1808 4264 pontif.
1842 4195 1919 4251 αι.
1957 4195 2246 4250 Duchesne
2280 4195 2356 4250 11
2382 4195 2509 4263 161).
2547 4225 2613 4233 -
2655 4191 2781 4259 Rea
2809 4188 2926 4244 JE.
2967 4216 3048 4239 -.

424 4329 466 4388 4
2352 4333 2699 4400 Terracina
2745 4331 2913 4393 1161
2958 4330 3110 4408 sept.
3142 4327 3227 4386 30

425 4431 883 4498 Alexander
927 4435 1033 4498 ΠΙ
1096 4436 1360 4522 Hugoni
1406 4440 1601 4523 priori
1650 4446 1716 4504 et
1760 4439 2264 4504 fratribus·eeel.
2312 4463 2361 4503 s.
2403 4438 2649 4502 Mariae
2694 4434 2949 4499 Novae:
3017 4429 3314 4495 concedit

426 4536 764 4600 ecclesiam
811 4537 872 4602 b.
920 4539 1280 4605 Sebastiani
1328 4543 1392 4607 in
1437 4543 1835 4609 Catacumba
1879 4545 2245 4610 habendam
2291 4551 2357 4609 et
2402 4542 2770 4628 regendam.

801 4685 853 4721 v.
891 4666 1039 4722 Ecel.
1075 4687 1118 4724 s.
1145 4669 1356 4726 Mariae
1393 4671 1587 4728 Novae
1624 4690 1678 4728 n.
1704 4674 1752 4728 9.

424 4769 502 4828 *5
2823 4770 3225 4857 (1174-75)

421 4872 888 4940 Alexander
932 4878 1036 4942 III
1082 4881 1276 4963 priori
1323 4883 1743 4948 Lateranensi
1776 4881 1883 4968 (an
1917 4907 1965 4947 s.
2002 4882 2331 4967 Quiriei?),
2379 4879 2934 4967 archipresbytero
2981 4899 3030 4940 s.
3066 4874 3309 4939 Mariae

423 4977 686 5042 Maioris
732 4985 798 5044 et
843 4981 894 5046 I.
938 4983 1312 5069 presbytero
1359 4985 1635 5051 Huberti
1680 4986 2071 5052 subdiacono
2107 4988 2446 5051 committit
2478 5006 2735 5050 causam
2769 4985 2935 5046 inter
2963 4979 3309 5043 Iordanum

423 5084 705 5165 priorem
774 5093 840 5150 et
900 5090 1238 5153 canonicos
1305 5113 1353 5154 s.
1407 5090 1652 5155 Mariae
1719 5090 1944 5155 Novae
2011 5113 2097 5155 ex
2162 5114 2290 5156 una
2359 5098 2425 5156 et
2479 5088 2779 5155 abbatem
2836 5092 2905 5151 et
2960 5080 3310 5147 monachos

424 5208 472 5250 s.
507 5187 868 5254 Sebastiani
914 5193 977 5254 in
1024 5193 1420 5258 Catacumba
1465 5217 1546 5260 ex
1592 5202 1776 5280 parte
1822 5196 2045 5260 altera.

809 5321 859 5358 v.
894 5303 1042 5359 Ecel.
1079 5324 1120 5360 ε.
1148 5304 1359 5361 Mariae
1397 5306 1591 5362 Novae
1628 5326 1679 5361 n.
1709 5308 1788 5362 11.
2903 5385 3000 5442 n*
