4065 6049
1155 500 1302 556 Mon.
1340 517 1381 554 s.
1418 497 1707 554 Pancratii
1744 528 1811 538 -
1847 496 1996 552 Mon.
2035 516 2077 553 s.
2114 495 2408 567 Stephani.
3142 499 3222 560 33

325 677 409 739 *1
652 724 657 729 .
2777 668 3142 753 (731—41)

327 779 759 866 Gregorius
803 778 910 844 111
961 780 1334 863 „renovavit
1363 778 1823 843 monasterium
1869 800 1949 841 ss.
1983 776 2290 842 Iohannis
2322 796 2571 861 evang„
2614 774 2920 839 Iohannis
2951 772 3125 859 bapt.
3163 776 3229 838 et

327 908 380 949 s.
413 884 739 949 Pancratii
786 904 969 948 secus
1028 883 1367 949 ecclesiam
1415 881 1766 947 Salvatoris
1821 883 2172 966 antiquitus
2230 881 2617 961 institutum,
2680 878 2853 964 quod
2912 876 2995 942 ab
3054 877 3230 941 omni

329 987 558 1054 ordine
588 988 965 1052 monachico
1013 988 1351 1051 exstiterat
1380 987 1576 1051 nimia
1622 987 1863 1049 incuria
1910 984 2305 1067 destitutum,
2352 986 2417 1047 in
2463 1005 2589 1068 quo
2636 983 2902 1067 praedia
2950 987 3014 1046 et
3060 979 3231 1045 dona

329 1092 629 1174 contulit,
693 1099 760 1157 et
805 1113 971 1177 quae
1032 1092 1366 1155 invenerat
1423 1090 1504 1154 de
1559 1091 1698 1174 ipso
1756 1091 2146 1155 monasterio
2205 1089 2516 1171 alienata,
2572 1085 2825 1152 reddito
2879 1086 3119 1171 Protin,
3166 1085 3232 1147 in

330 1193 611 1260 eundem
678 1195 889 1261 locum
948 1197 1240 1260 restituit.
1345 1194 1473 1259 Ubi
1531 1202 1596 1259 et
1653 1194 2220 1279 congregationem
2291 1191 2749 1257 monachorum
2809 1195 2875 1254 et
2928 1187 3232 1254 abbatem

330 1301 662 1364 constituit
707 1299 791 1365 ad
821 1298 1246 1385 persolvenda
1292 1297 1526 1362 cotidie
1559 1319 1741 1362 sacra
1786 1298 1999 1362 officia
2045 1296 2254 1362 laudis
2300 1296 2553 1360 divinae
2600 1296 2664 1359 in
2710 1293 2974 1359 basilica
3006 1291 3231 1357 Salva-

332 1406 491 1468 toris
537 1454 551 1468 .
588 1455 602 1469 .
649 1405 830 1469 iuxta
872 1404 1232 1485 Lateranis,
1280 1402 1520 1467 diurnis
1550 1404 2001 1486 nocturnisque
2035 1400 2432 1486 temporibus
2464 1399 2777 1483 ordinata,
2824 1399 3004 1462 iuxta
3034 1398 3235 1460 instar

332 1508 693 1573 officiorum
740 1509 1051 1574 ecclesiae
1099 1508 1159 1571 b.
1193 1508 1373 1572 Petri
1418 1507 1756 1591 apostoli“.

544 1618 726 1674 Laud.
763 1620 825 1672 in
862 1617 987 1672 Vita
1030 1617 1278 1687 Greyon‘i
1318 1616 1431 1671 111
1455 1616 1601 1684 (Lib.
1632 1616 1829 1686 pontis.
1873 1616 1954 1672 ed.
1991 1615 2280 1671 Duchesne
2319 1616 2506 1685 1419).
2545 1645 2609 1655 -
2649 1614 2779 1685 Req.
2806 1612 2920 1668 JE.
2959 1641 3041 1666 -.

1201 1945 1717 2015 lonasterium
1762 1945 2075 2014 Honorii
2119 1961 2368 2030 papae.

544 2104 627 2162 Cf.
670 2104 818 2159 Eccl.
865 2122 908 2159 s,
956 2103 1218 2159 Iohannis
1260 2103 1319 2157 in
1356 2103 1655 2165 Laterano;
1701 2102 1990 2157 Duchesne
2017 2102 2139 2157 Lib.
2165 2101 2366 2172 pontif.
2393 2102 2418 2156 I
2445 2101 2546 2156 327
2573 2107 2690 2159 not.
2716 2104 2779 2159 21
2795 2124 2808 2168 ;
2846 2102 2988 2158 1143
3013 2105 3130 2158 not.
3152 2100 3237 2157 80.

554 2261 899 2327 Conditum
959 2260 1040 2325 ab
1085 2260 1377 2325 Honorio
1426 2260 1458 2324 Ι
1504 2258 1594 2346 (n.
1634 2261 1697 2347 1)
1754 2260 1870 2325 sub
1918 2260 2102 2325 titulo
2150 2282 2232 2324 ss.
2286 2259 2592 2326 Andreae
2640 2267 2706 2326 et
2749 2258 3238 2325 Bai-tholomaei

338 2369 520 2430 iuxta
587 2367 1007 2448 Lateranum,
1075 2363 1185 2429 ubi
1236 2364 1431 2429 hodie
1491 2365 1927 2429 nosocomium
1997 2386 2077 2428 ss,
2121 2363 2497 2447 Salvatoris,
2567 2364 2760 2450 vulgo
2819 2387 2868 2428 s.
2912 2363 3237 2447 Iohannis,

340 2472 532 2534 situm
582 2478 708 2550 est,
761 2476 1190 2534 restauratum
1237 2468 1319 2533 ab
1365 2468 1699 2533 Hadriano
1746 2467 1780 2530 I
1824 2466 1913 2553 (n.
1950 2468 2018 2554 2)
2085 2475 2149 2532 et
2195 2467 2485 2532 dotatum
2541 2490 2581 2532 a
2632 2469 2854 2532 Leone
2901 2467 3005 2531 III
3064 2466 3237 2552 (Lib.

339 2574 568 2658 pontif.
618 2572 718 2637 ed.
765 2573 1112 2638 Duchesne
1158 2572 1226 2635 II
1253 2574 1385 2659 22),
1431 2572 1552 2637 fuit
1595 2592 1791 2637 unum
1840 2593 1923 2635 ex
1969 2580 2243 2657 quatuor
2288 2573 2413 2636 illis
2457 2572 2894 2653 monasteriis,
2941 2592 3108 2657 quae
3155 2570 3238 2636 ad

341 2677 559 2742 divina
604 2678 818 2742 officia
863 2679 926 2741 in
971 2676 1236 2741 basilica
1280 2678 1699 2742 Lateranensi
1732 2675 2120 2740 celebranda
2166 2678 2454 2741 instituta
2485 2670 2758 2740 fuerunt.
2836 2675 2939 2740 De
2985 2675 3240 2740 fortuna

340 2803 493 2846 vero
543 2783 680 2845 eius
724 2802 1049 2866 perpauca
1095 2782 1348 2845 scimus,

341 2954 419 3017 *1
2826 2953 3125 3017 625--38

343 3058 738 3123 Honorius
768 3059 801 3122 I
858 3059 1054 3142 „fecit
1098 3059 1161 3121 in
1208 3058 1468 3123 domum
1503 3080 1682 3123 suam
1716 3061 1895 3123 iuxta
1926 3059 2264 3123 Lateranis
2309 3060 2767 3123 monasterium
2793 2955 2864 3123 in
2894 2957 3155 3123 honore)
3172 3108 3185 3123 .
3223 3109 3236 3123 .

345 3163 783 3247 apostolorum
828 3161 1133 3227 Andreae
1181 3171 1247 3226 et
1292 3162 1804 3242 Bartholomaei‚
1868 3165 1976 3248 qui
2030 3162 2397 3246 appellatur
2447 3161 2750 3246 Honorii‚
2809 3162 2918 3227 ubi
2972 3162 3239 3247 praedia

349 3275 414 3331 et
459 3264 630 3331 dona
675 3266 864 3330 simul
912 3265 1203 3331 obtulit&

555 3377 739 3432 Laud.
776 3378 842 3430 in
875 3376 1001 3431 Vita
1050 3378 1291 3431 Eoum-ii
1328 3378 1369 3432 I
1400 3378 1543 3444 (bib.
1573 3379 1777 3447 pontif.
1816 3378 1895 3433 ed.
1934 3377 2218 3432 Duchesne
2282 3379 2318 3431 1
2351 3384 2474 3440 324:
2528 3378 2827 3433 Mommsen
2874 3394 2935 3446 p.
2972 3382 3102 3447 173).
3174 3408 3243 3418 —-

348 3464 471 3533 Req.
510 3464 631 3520 JE.
671 3495 751 3518 —.

346 3587 428 3651 *2
2791 3586 3155 3669 (772-95)

346 3690 796 3755 Hadrianus
826 3689 860 3753 I
911 3689 1101 3774 „dum
1147 3739 1163 3754 .
1201 3740 1213 3753 .
1261 3691 1698 3773 repperuisset
1736 3692 2194 3755 monasterium
2242 3689 2564 3776 quondam
2597 3690 2870 3755 Honorii
2917 3712 3127 3776 papae
3173 3693 3239 3754 in

346 3794 543 3858 nimia
589 3792 986 3858 desolatione
1020 3814 1137 3878 per
1182 3792 1505 3877 quandam
1534 3794 2012 3879 neglegentiam
2047 3797 2305 3859 evenire
2355 3845 2367 3858 .
2406 3845 2441 3877 .‚
2487 3816 2526 3858 a
2571 3796 2821 3859 noviter
2867 3815 3014 3859 eum
3061 3793 3238 3858 aedi·

347 3897 559 3961 ficavit
606 3903 800 3982 atque
847 3897 1073 3962 ditavit
1118 3905 1184 3962 et
1214 3897 1516 3962 abbatem
1563 3919 1706 3962 cum
1739 3908 1989 3963 ceteros
2030 3899 2382 3964 monachos
2411 3900 2794 3985 regulariter
2838 3898 3078 3964 ibidem
3109 3900 3240 3961 vita

350 4001 661 4086 degentes
729 4000 1062 4067 ordinavit.
1173 4001 1258 4065 Et
1318 4003 1644 4066 constituit
1701 4024 1813 4067 eos
1865 4003 1931 4066 in
1988 4002 2254 4067 basilica
2313 4001 2663 4067 Salvatoris
2719 4023 2886 4088 quae
2946 4008 3013 4067 et
3069 4002 3239 4067 Con-

350 4105 735 4168 stantiniana
789 4106 969 4169 iuxta
1011 4106 1450 4170 Lateranense
1499 4105 1885 4189 patriarchio
1933 4108 2146 4190 posita
2197 4107 2411 4170 officio
2463 4106 2775 4170 celebrari
2821 4155 2837 4169 .
2876 4157 2921 4189 .‚
2985 4105 3067 4169 ab
3114 4126 3239 4168 uno

352 4208 578 4290 chor0‚
641 4210 751 4292 qui
819 4209 1059 4273 dudmn
1106 4209 1514 4294 singulariter
1557 4211 1623 4273 in
1682 4218 1989 4295 utrosque
2046 4211 2436 4295 psallebant,
2502 4210 2800 4275 monachi
2867 4209 3238 4274 monasterii

354 4335 400 4375 s.
445 4312 772 4376 Pancratii
819 4312 1059 4377 ibidem
1105 4314 1344 4396 posito,
1411 4319 1477 4377 et
1520 4312 1603 4377 ab
1661 4314 1864 4378 altero
1923 4314 2118 4378 choro
2175 4314 2472 4379 monachi
2527 4316 2656 4378 iam
2704 4314 2819 4378 fati
2866 4313 3240 4377 monasterii

355 4439 430 4479 ss.
464 4415 768 4481 Andreae
816 4423 883 4481 et
925 4416 1408 4482 Bar-tholomaei
1456 4439 1516 4502 q.
1549 4440 1696 4503 app.
1731 4418 2003 4483 Honorii
2051 4440 2260 4504 papae
2311 4470 2324 4482 .
2362 4419 2415 4482 .“

556 4526 739 4581 Lcmd.
776 4528 839 4579 in
876 4527 1001 4580 Vita
1042 4527 1325 4581 Hadriani
1362 4529 1403 4583 I
1426 4528 1572 4596 (Lib.
1602 4530 1808 4597 pontis.
1846 4529 1925 4584 ed.
1962 4530 2248 4584 Duchwae
2286 4530 2320 4582 1
2353 4535 2488 4597 506).
2529 4559 2594 4568 —-
2633 4529 2759 4598 Ray.
2785 4528 2895 4583 JE.
2933 4559 3015 4583 -.

1283 4859 1798 4926 nonasterium
1844 4876 1903 4926 s.
1950 4859 2316 4943 Stephani.

556 4993 635 5050 cf.
670 4994 822 5051 Eccl.
859 5014 899 5050 s,
928 4995 1194 5051 Iohannis
1229 4996 1289 5051 in
1327 4997 1618 5054 Laterano,

567 5133 854 5200 Tertium
885 5135 1007 5200 fuit
1035 5138 1202 5201 inter
1230 5141 1621 5204 monasteria
1649 5138 1822 5224 apud
1851 5137 2184 5203 basilicam
2216 5139 2722 5203 Lateranensem
2755 5135 3032 5218 condita,
3066 5133 3240 5221 quod

367 5234 441 5299 ab
484 5235 708 5302 Hilaro
755 5261 927 5326 papa
980 5241 1336 5305 institutum
1396 5242 1591 5306 fuisse
1642 5242 1911 5307 traditur
1966 5242 2136 5327 (Lib.
2186 5241 2409 5327 pontif.
2461 5240 2562 5305 ed.
2609 5238 2952 5304 Duchesne
3006 5240 3038 5303 I
3084 5242 3238 5313 245;

463 5354 629 5411 xohr,
658 5356 791 5400 italia
814 5358 1043 5413 pontificia
1070 5359 1104 5402 1.
2898 5359 2932 5412 3
