4065 6049
775 451 893 512 144
2123 444 2317 501 Roma.

769 643 928 705 quas
988 620 1329 685 ecclesiam
1384 642 1431 682 s.
1466 620 1710 684 Mariae
1756 621 1820 683 in
1866 619 2172 685 Caterina
2213 619 2294 684 ab
2340 620 2715 686 Alexandro
2762 620 2865 685 III
2916 622 3002 705 (n.
3036 622 3145 705 41)
3194 623 3655 705 confirmatam,

769 725 1126 789 oblationes
1160 730 1226 788 et
1257 725 1414 788 iura.
1446 761 1530 770 —
1562 725 1799 809 Liquet
1832 723 2143 788 omnibus.
2211 724 2351 809 Ego
2378 724 2675 789 Urbanus
2707 732 2828 790 etc.
2899 724 3152 790 Subscr.
3194 730 3267 790 17
3302 728 3474 792 card.
3508 728 3653 791 Dat.

769 827 1068 893 Veronae
1114 850 1176 911 p‚.
1210 847 1294 891 m.
1327 825 1583 892 Alberti
1628 827 1691 892 S.
1731 827 1810 892 R.
1845 827 1920 891 Ε.
1967 828 2181 912 presb.
2229 828 2402 892 card.
2451 835 2518 892 et
2563 849 2774 913 canc.,
2821 829 2907 894 id.
2955 831 3105 914 iun.,
3151 830 3280 896 ind.
3315 837 3376 917 4,
3423 833 3543 895 inc.
3591 831 3650 894 d.

769 953 827 996 a.
869 934 1052 1014 1186,
1101 938 1275 1016 pont.
1323 952 1381 995 v.
1429 931 1490 995 d.
1522 929 1766 994 Urbani
1812 952 1920 1015 pp.
1968 931 2073 994 III
2120 952 2177 996 a.
2217 938 2271 995 1.

977 1052 1104 1107 Be.
1135 1050 1296 1106 XIV.
1337 1050 1562 1105 K¹.K²
1597 1051 1640 1118 f.
1669 1059 1758 1105 101
1792 1056 1839 1104 et
1873 1052 2049 1116 [.259
2084 1051 2226 1105 Eaec.
2301 1050 2357 1106 R
2387 1051 2430 1117 s.
2461 1061 2566 1107 145.
2607 1083 2669 1091 -
2707 1052 3380 1109 Edd.Bu11.Vat.168
3412 1055 3554 1107 eoeB
3590 1077 3651 1099 =

769 1140 962 1209 Miyne
1002 1138 1168 1192 CCII
1196 1146 1328 1193 1402
1360 1156 1416 1193 n.
1443 1148 1523 1194 42.
1612 1137 1969 1207 Βάιίᾳρατείἱι·
2010 1155 2066 1193 n.
2098 1146 2160 1193 70
2204 1154 2271 1192 ex
2307 1139 2372 1194 Β.
2433 1167 2499 1178 -
2563 1139 2719 1209 Rem.
2763 1140 3005 1209 Τοηϊφίο
3040 1142 3192 1209 ’·’ρ.
3219 1147 3329 1194 418.
3417 1139 3473 1195 J.
3513 1147 3651 1194 9826.

766 1225 884 1283 JL.
922 1233 981 1280 15
997 1231 1108 1280 632.

764 1371 853 1431 43
2685 1368 3007 1433 Laterano
3053 1369 3223 1430 1188
3264 1366 3453 1449 april.
3484 1370 3569 1432 26

766 1472 1122 1537 Clemens
1168 1471 1272 1535 III
1332 1471 1653 1535 canonicis
1707 1470 1862 1534 eccl.
1911 1493 1959 1535 s.
1994 1471 2171 1536 Petri
2228 1479 2296 1536 et
2351 1471 2706 1537 rectoribus
2768 1479 3042 1557 quatuor
3095 1474 3647 1536 monasteriorum:

766 1577 1064 1640 concedit
1121 1578 1378 1640 tertiam
1436 1582 1689 1660 partem
1749 1575 2179 1660 oblationum,
2235 1599 2402 1662 quae
2456 1579 2720 1641 veniunt
2776 1576 2859 1641 ad
2918 1599 3144 1641 manus
3198 1575 3502 1641 Portuen.
3550 1599 3649 1661 ep.

764 1687 874 1744 ete.
915 1702 1033 1761 per
1077 1680 1289 1745 omnia
1332 1684 1407 1743 ut
1449 1700 1648 1759 supra
1692 1679 1765 1743 in
1798 1680 2128 1763 privilcyv'o
2186 1680 2428 1745 Urbani
2459 1682 2585 1747 III
2623 1682 2711 1765 (n.
2744 1680 2879 1763 42).
2930 1721 3011 1727 —
3054 1681 3205 1745 Dat.
3254 1681 3397 1746 Lat.
3440 1686 3479 1745 6
3522 1682 3649 1745 kal.

765 1786 936 1868 mai,
984 1783 1113 1849 ind.
1147 1788 1207 1863 6,
1254 1805 1312 1849 a.
1361 1784 1422 1847 d.
1478 1786 1660 1867 1188,
1708 1791 1881 1868 pont.
1930 1805 1988 1848 a.
2028 1791 2081 1849 1.

972 1905 1304 1972 Facemtum
1340 1903 1450 1958 K1.
1479 1904 1540 1957 K
1549 1905 1570 1937 ²
1604 1904 1646 1970 f.
1676 1913 1764 1959 101
1807 1910 1858 1959 ct
1901 1908 1942 1975 f.
1969 1913 2081 1960 260.
2143 1937 2210 1945 -
2270 1906 2414 1961 Edd.
2469 1906 2612 1961 Go'tt.
2650 1906 2856 1961 Nachr.
2894 1913 3023 1961 1900
3058 1922 3116 1973 p.
3146 1910 3245 1958 189
3287 1920 3345 1959 n.
3369 1909 3436 1959 39
3477 1921 3543 1957 ex
3578 1904 3651 1959 K.

766 1991 1122 2059 Sekiaparelli
1155 2008 1209 2044 n.
1241 1998 1300 2046 72
1336 2006 1402 2044 ex
1437 1990 1512 2045 K.
1550 2021 1614 2030 ——
1651 1991 1786 2059 Ray.
1822 1991 1929 2045 JL.
1970 2023 2051 2046 -.

1145 2095 1431 2151 Laudatur
1464 2094 1638 2150 ctiam
1674 2094 1732 2149 in
1771 2096 2077 2151 innocentii
2105 2097 2184 2150 111
2222 2096 2522 2167 privilegio
2559 2115 2608 2152 a.
2639 2098 2773 2153 1205
2809 2099 2918 2151 oct.
2947 2096 3017 2161 15,
3050 2095 3315 2150 Potthast
3351 2095 3488 2165 Reg.
3514 2095 3653 2150 2592

972 2187 1030 2236 et
1065 2182 1122 2237 in
1161 2181 1475 2237 inventario
1511 2201 1552 2236 s,
1581 2182 1738 2237 XIV:
1782 2183 1955 2247 „Item
1992 2183 2151 2237 bulla
2178 2183 2483 2238 Clementis
2512 2202 2608 2254 pp.
2646 2183 2939 2238 continens
2961 2180 3272 2253 hospitalia
3308 2186 3368 2237 et
3391 2182 3656 2237 ecclesias

972 2268 1242 2324 basilicae
1280 2269 1566 2325 subiecta“
1607 2268 2004 2340 (Schiaparelli
2045 2270 2081 2325 l.
2109 2289 2154 2326 c.
2194 2289 2247 2341 p.
2273 2272 2415 2339 421).

763 2411 848 2470 44
2775 2410 3097 2475 Laterano
3144 2410 3314 2473 1188
3358 2410 3493 2475 iun.
3525 2412 3571 2474 2

765 2512 1125 2576 Clemens
1171 2511 1274 2575 III
1321 2513 1642 2577 canonicis
1687 2512 1990 2578 basilicae
2038 2562 2054 2578 .
2090 2563 2105 2577 .
2153 2520 2220 2578 et
2249 2512 2603 2578 rectoribus
2634 2520 2909 2599 quatuor
2937 2517 3466 2579 monasteriorum
3501 2520 3652 2578 etc.:

765 2617 1002 2700 repetit
1033 2616 1307 2700 Eugenii
1339 2616 1442 2679 III
1478 2616 1565 2698 (n.
1597 2618 1709 2699 32)
1743 2618 2169 2702 privilegium.
2203 2657 2271 2663 —-
2326 2617 2678 2682 Beatorum
2710 2617 2907 2682 Petri.
2997 2617 3138 2703 Ego
3185 2617 3486 2683 Clemens
3531 2624 3653 2681 etc.

766 2719 1018 2784 Subscr.
1054 2725 1127 2785 21
1182 2720 1353 2785 card.
1401 2720 1550 2784 Dat.
1583 2722 1728 2785 Lat.
1774 2743 1836 2805 p.
1871 2743 1954 2786 m.
1987 2722 2196 2806 Moysi
2247 2720 2310 2786 S.
2343 2719 2422 2784 R.
2456 2721 2530 2785 E.
2579 2722 2861 2787 subdiac.
2908 2724 3114 2788 vicem
3161 2723 3410 2807 agentis
3456 2742 3655 2804 canc,

767 2830 803 2887 4
852 2846 998 2888 non.
1045 2825 1196 2905 iun.,
1244 2824 1372 2887 ind.
1407 2828 1466 2907 6,
1512 2826 1634 2888 inc.
1682 2824 1744 2888 d.
1793 2847 1851 2889 a.
1894 2829 2076 2909 1188,
2123 2831 2298 2910 pont.
2346 2845 2404 2889 v.
2453 2825 2514 2889 d.
2563 2826 2915 2891 Clementis
2959 2849 3065 2911 pp.
3115 2826 3220 2889 ΠΙ
3266 2848 3324 2890 a.
3362 2830 3418 2890 1.

969 2944 1364 3011 A.[Df.5s⁴.
1456 2942 1695 3013 Ff.2s⁴
1734 2944 1874 2998 Eme.
1945 2945 2057 3001 K1.
2081 2946 2172 2998 K’
2213 2946 2853 3016 fl1010tt2260¹Eoea
2935 2946 3016 3000 Υι
3051 2943 3655 3014 ᾗόθοίίὶΜΕτεσ.

763 3030 817 3083 Ζ
844 3031 887 3097 f.
913 3037 980 3084 37
1009 3031 1195 3100 EoecJ.
1233 3062 1300 3070 —
1346 3031 1495 3086 Edd.
1521 3031 1671 3086 Buzz.
1709 3032 1974 3087 Vat.172
2007 3033 2252 3087 coeA—
2188 3056 2252 3079 =
2292 3033 2476 3102 Miyne
2509 3032 2691 3087 CCIV
2720 3040 2852 3089 1353
2885 3051 2941 3089 n.
2966 3042 3041 3088 61.
3114 3033 3478 3104 Sckiapareui
3509 3050 3564 3086 n.
3597 3040 3659 3088 73

765 3133 831 3170 ex
866 3118 932 3170 A.
973 3148 1033 3155 —
1073 3118 1235 3186 Reyq.
1273 3118 1337 3173 J.
1376 3124 1560 3173 10083.
1630 3119 1740 3174 JL.
1781 3126 1956 3175 16267.

1495 3447 2007 3516 monasterinm
2055 3464 2151 3514 ss,
2184 3447 2527 3516 Iohann1s
2573 3450 2651 3515 et
2694 3448 2927 3516 Pauli.

982 3590 1062 3647 Cf.
1099 3587 1247 3643 Eccl.
1284 3607 1326 3644 s,
1353 3587 1506 3642 Petri
1544 3589 1603 3643 in
1629 3589 1921 3645 Vaticano

980 3747 1325 3813 Conditum
1385 3769 1424 3811 a
1486 3749 1706 3812 Leone
1753 3747 1786 3811 Ι
1841 3747 1928 3830 (n.
1971 3746 2054 3830 1),
2113 3753 2384 3832 apparet
2429 3749 2550 3812 hoc
2619 3749 3078 3812 monasterium
3140 3749 3651 3834 antiquissimum

763 3856 929 3918 inter
973 3853 1094 3916 tria
1124 3852 1236 3915 illa
1267 3854 1677 3934 monasteria,
1710 3875 1790 3916 ss.
1823 3851 2130 3916 Iohannis
2172 3858 2238 3916 et
2269 3853 2476 3938 Pauli,
2511 3875 2558 3916 s.
2594 3853 2925 3936 Stephani,
2958 3857 3025 3917 et
3070 3874 3118 3917 s.
3152 3852 3430 3936 Martini,
3478 3852 3652 3936 apud

763 3958 1095 4022 basilicam
1126 3957 1508 4022 Vaticanam
1566 3961 1958 4038 constructa,
2020 3978 2186 4041 quae
2248 3963 2582 4021 enumerat
2639 3955 2989 4041 Gregorius
3021 3955 3125 4019 III
3183 3957 3247 4019 in
3304 3959 3649 4020 constituto

763 4060 1053 4146 synodali
1121 4082 1179 4124 a.
1225 4064 1347 4125 732
1418 4058 1501 4143 (v.
1547 4058 1719 4122 Eccl.
1768 4081 1816 4121 s.
1860 4058 2038 4122 Petri
2106 4061 2169 4121 in
2211 4058 2527 4123 Vaticano
2588 4082 2649 4126 n.
2689 4058 2791 4144 9);
2860 4067 3186 4145 quartum,
3247 4083 3294 4125 s.
3338 4060 3649 4145 Stephani

763 4168 1054 4249 minoris,
1111 4164 1492 4249 aggregavit
1548 4162 1911 4247 Stephanus
1958 4162 2046 4226 11.
2160 4163 2404 4227 Verum
2467 4164 2533 4226 in
2600 4164 2954 4250 privilegiis
3008 4164 3312 4228 Iohannis
3356 4164 3524 4229 XIX
3585 4171 3651 4229 et

761 4270 1097 4334 Benedicti
1163 4268 1265 4332 IX
1346 4288 1464 4351 pro
1544 4268 1847 4351 episcopo
1920 4266 2135 4330 Silvae
2203 4265 2535 4330 Candidac
2615 4265 2764 4351 (JL.
2825 4271 3013 4332 4076.
3087 4268 3285 4352 4110)
3367 4271 3647 4355 quinque

761 4373 1150 4438 monasteria
1215 4371 1388 4455 apud
1455 4394 1503 4434 s.
1549 4372 1814 4434 Petrum
1882 4377 2347 4455 memorantur,
2418 4392 2584 4456 quae
2660 4372 2996 4455 pontifices
3070 4372 3267 4436 Petro
3343 4375 3646 4458 episcopo

762 4478 1186 4561 subiecerunt,
1219 4476 1520 4541 videlicet
1565 4499 1612 4540 S.
1648 4474 1958 4560 Stephani
2004 4477 2283 4558 maioris,
2332 4481 2397 4540 et
2440 4476 2722 4556 minoris,
2769 4499 2850 4540 ss.
2882 4476 3187 4540 Iohannis
3234 4483 3299 4542 et
3329 4477 3535 4561 Pauli,
3582 4485 3649 4542 et

760 4582 821 4646 b.
854 4582 1145 4665 Martini,
1207 4587 1400 4666 atque
1455 4581 1897 4663 Hierusalem,
1954 4582 2297 4645 constituta
2362 4582 2543 4645 iuxta
2597 4603 2899 4666 magnam
2960 4582 3299 4647 ecclesiam
3354 4605 3401 4647 s.
3448 4583 3644 4647 Petri.

761 4687 1064 4751 Ceterum
1124 4708 1204 4749 ss.
1237 4685 1542 4750 Iohannis
1597 4692 1665 4749 et
1716 4686 1901 4749 Pauli
1960 4686 2419 4749 monasterium
2479 4684 2760 4750 creditur
2804 4687 3057 4750 stetisse
3102 4687 3168 4749 in
3226 4686 3404 4770 locu,
3454 4709 3643 4772 quem

759 4789 952 4854 hodie
1008 4790 1194 4854 laeva
1237 4789 1542 4854 basilicae
1575 4789 1929 4854 Vaticanae
1977 4811 2155 4873 pars,
2217 4812 2264 4852 s.
2298 4789 2635 4853 Michaelis
2691 4796 2758 4853 et
2815 4812 2863 4854 s.
2898 4789 3151 4853 Erasini
3197 4790 3503 4854 altaribus
3547 4793 3642 4854 in-

761 4900 1030 4978 structa,
1079 4899 1351 4978 occupat
1395 4894 1504 4976 (cf.
1537 4893 1704 4957 Bull.
1738 4894 1887 4958 Vat.
1922 4893 1954 4957 I
1989 4898 2070 4958 33
2118 4900 2246 4957 not.
2280 4893 2367 4977 a).
2478 4892 2688 4956 Huius
2746 4895 3118 4957 monasterii
3163 4892 3363 4958 abbas
3423 4893 3642 4969 Quod-

759 4999 1058 5064 vultdeus
1112 4999 1220 5062 ille
1277 4995 1547 5062 fortasse
1606 4998 1758 5080 fuit,
1823 5019 2013 5083 quem
2074 4997 2379 5082 Pelagius
2410 4997 2478 5062 II
2536 4998 2600 5060 in
2657 4997 2931 5080 epistola
2991 4997 3074 5060 ad
3133 4996 3395 5062 Heliam
3439 5000 3644 5082 Aqui-

760 5105 1073 5186 lejensem
1135 5104 1505 5167 monasterii
1562 5104 1822 5167 maioris
1878 5102 2185 5166 basilicae
2239 5101 2300 5166 b.
2336 5102 2515 5165 Petri
2572 5100 2874 5165 abbatem
2933 5101 3155 5166 laudat
3200 5100 3290 5187 (J.
3325 5105 3467 5167 686.
3516 5102 3643 5167 JK.

767 5206 988 5291 1054);
1036 5209 1296 5291 insuper
1340 5205 1457 5270 sub
1504 5205 1833 5291 Stephano
1874 5206 1979 5270 III
2035 5207 2308 5270 occurrit
2354 5205 2673 5291 Georgius
2718 5204 2919 5269 abbas
2963 5203 3072 5289 (cf.
3106 5205 3247 5270 Lib.
3282 5205 3506 5291 pontif.
3540 5207 3642 5272 ed.
