4065 6049
968 435 1114 490 Eccl.
1151 454 1192 491 s,
1231 434 1504 491 Bibianae
1545 465 1604 475 -—-
1643 438 1791 492 Eccl.
1830 456 1870 491 s.
1897 437 2180 493 Matthaei
2216 438 2272 491 in
2311 438 2619 493 Merulana.
3161 446 3242 503 39

567 614 817 679 Titulus
862 636 910 678 s.
943 612 1208 678 Eusebii
1252 614 1381 675 iam
1415 634 1583 677 saec.
1617 612 1678 676 V
1711 612 2073 677 celebratur
2119 612 2226 698 (cf.
2271 611 2622 678 Duchesne
2656 617 2719 677 in
2749 586 3087 701 Melanges
3113 615 3244 679 VII

356 718 525 804 223).
595 718 937 804 Templum
984 738 1023 781 a
1067 716 1381 781 Zacharia
1426 723 1794 801 reparatum
1842 717 2011 801 (Lib.
2062 719 2284 801 pontif.
2334 717 2435 782 ed.
2484 719 2826 785 Duchesne
2875 720 3116 804 1435),
3163 721 3245 783 ab

355 824 685 889 Hadriano
716 823 750 887 I
781 827 1157 887 renovatum
1188 821 1258 905 (l.
1291 843 1343 886 c.
1378 821 1410 884 Ι
1444 822 1620 907 508),
1668 844 1708 886 a
1738 822 1957 887 Leone
1991 823 2089 886 IV
2120 823 2189 907 (l.
2226 845 2276 887 c.
2315 824 2380 887 ΙΙ
2418 829 2514 887 11.
2550 823 2682 909 21),
2730 847 2767 889 a
2801 824 3117 909 Gregorio
3151 825 3244 888 IV

354 927 420 1013 (l.
454 950 505 992 c.
543 927 612 992 H
647 926 758 1012 76)
805 932 871 990 et
915 947 954 990 a
981 923 1253 989 Nicolao
1299 925 1331 986 I
1381 924 1449 1007 (l.
1487 947 1536 989 c.
1571 925 1636 989 II
1677 925 1826 1011 154)
1859 926 2132 990 ditatum
2166 928 2302 990 fuit.
2381 928 2899 993 consecrationis
2932 930 3245 994 ecclesiae

353 1055 390 1097 a
434 1030 753 1118 Gregorio
799 1030 901 1094 IX
954 1052 1012 1094 a.
1052 1032 1215 1094 1238
1274 1030 1485 1094 factae
1540 1032 1853 1094 memoria
1915 1036 2129 1095 exstat
2187 1031 2397 1096 adhuc
2453 1034 2517 1096 in
2582 1030 2803 1097 tabula
2861 1053 3243 1097 marmorea.

354 1136 730 1221 Ignoramus
772 1155 926 1199 vero
960 1154 1101 1220 'quo
1150 1138 1442 1218 tempore
1488 1134 1577 1198 ibi
1608 1137 2063 1199 monasterium
2100 1135 2424 1199 conditum
2473 1138 2573 1200 sit.
2649 1138 2728 1200 A.
2772 1140 2932 1202 1288
2980 1158 3019 1200 a
3049 1136 3243 1200 Nico—

354 1242 455 1304 lao
500 1239 600 1304 IV
647 1238 835 1304 datur
878 1262 928 1303 s.
962 1239 1158 1303 Petro
1210 1236 1290 1302 de
1336 1238 1703 1331 Murrhone,
1751 1238 2264 1304 Coelestinorum
2311 1240 2653 1304 fundatori.

563 1393 985 1458 Monumenta
1029 1391 1492 1458 desiderantur.
1582 1393 1683 1458 De
1731 1394 1990 1458 archivo
2036 1393 2212 1458 nihil.
2291 1393 2419 1457 Sed
2467 1395 2870 1479 privilegium
2920 1380 3244 1479 quoddam

352 1499 765 1583 protectionis
829 1497 1031 1561 conici
1086 1503 1301 1581 potest
1373 1519 1455 1561 ex
1523 1498 1743 1563 Oencii
1807 1499 2142 1561 camerarii
2205 1498 2268 1561 in
2339 1496 2537 1561 Libro
2595 1518 2896 1567 censuum
2945 1496 3008 1560 S.
3050 1496 3128 1560 R.
3169 1495 3244 1559 Ε.

352 1609 500 1667 nota
549 1599 681 1687 (ed.
727 1600 1335 1666 Fabre-Duchesne
1381 1601 1415 1664 Ι
1446 1600 1544 1686 9);

570 1705 777 1789 „Item
822 1705 1283 1770 monasterium
1330 1707 1533 1770 sancti
1577 1705 1837 1770 Eusebii
1888 1706 1955 1769 II
2001 1705 2197 1769 libras
2244 1704 2496 1769 cerae“.

963 1970 1479 2040 lonasterium
1527 1990 1585 2039 s.
1618 1972 1769 2039 Viti
1813 1973 1890 2038 in
1938 1972 2181 2039 monte
2227 1969 2625 2054 Esquilino.

1470 2084 1590 2152 (SS.
1617 2083 1751 2141 Vito
1788 2103 1818 2141 e
1857 2084 2148 2152 Modesto.)

552 2205 913 2262 Panciroli
973 2206 1223 2275 ιρ.805;
1281 2209 1381 2275 ²p.
1408 2205 1526 2260 242.
1582 2236 1647 2245 —
1703 2207 2044 2260 Severano
2091 2223 2144 2274 p.
2180 2204 2297 2259 678.
2355 2235 2421 2245 —
2474 2203 2868 2259 Martinelli
2914 2222 2966 2273 p.
3006 2204 3125 2257 405.
3183 2234 3244 2242 --

348 2290 730 2349 Mar-tinelli
782 2291 887 2347 Del
934 2290 1101 2348 titolo
1150 2291 1235 2348 de'
1283 2292 1372 2348 SS.
1412 2291 1567 2357 Vito,
1612 2292 1867 2348 Modesto
1912 2310 1942 2347 e
1990 2292 2311 2347 Crescenzio
2349 2291 2438 2345 del
2477 2290 2716 2347 Macello
2753 2293 2920 2359 (teste
2956 2289 3246 2344 Mandosio

349 2380 531 2443 1153).
580 2409 651 2419 —
699 2378 917 2434 Lubin
954 2397 1010 2449 p.
1033 2378 1151 2434 347.
1191 2409 1254 2419 -
1292 2378 1529 2447 Nibby
1567 2379 1735 2435 1760.
1775 2408 1838 2418 --
1876 2378 2422 2433 Adinolfi11225.
2473 2408 2540 2417 -
2590 2376 2949 2433 Armellini
2995 2381 3009 2409 ¹
3039 2395 3092 2446 p.
3118 2377 3245 2439 656;

348 2470 368 2500 ²
395 2484 447 2536 p.
473 2466 595 2522 811.
626 2497 691 2506 —
720 2466 915 2521 Franc.
943 2464 1312 2522 cristofori
1350 2465 1615 2522 Memorie
1641 2466 1881 2521 storiche
1919 2465 2070 2520 della
2094 2464 2354 2520 diaconia
2389 2465 2479 2519 dei
2506 2466 2597 2519 SS.
2622 2464 2758 2519 Vito
2784 2482 2815 2520 e
2840 2464 3109 2527 Modesto,
3147 2482 3245 2517 ms.

559 2606 1024 2672 Monasterium
1071 2629 1152 2671 ss.
1185 2606 1319 2671 Viti
1368 2615 1434 2672 et
1478 2607 1755 2673 Modesti
1803 2609 1865 2670 in
1912 2607 2216 2689 Macello,
2281 2609 2471 2671 situm
2519 2608 2580 2670 in
2629 2615 2845 2671 monte
2892 2604 3244 2689 Esquilino,

345 2718 743 2779 memoratur
773 2713 901 2777 iam
933 2733 1101 2776 saec.
1128 2711 1297 2775 Vm
1322 2711 1493 2796 (Lib.
1520 2713 1745 2796 pontif.
1773 2711 1873 2776 ed.
1902 2711 2242 2776 Duchesne
2277 2712 2309 2774 Ι
2338 2717 2463 2775 470
2490 2714 2552 2775 in
2576 2711 2731 2775 Vita
2754 2709 3067 2793 Stephani
3090 2708 3243 2791 ΙΙΙ).

344 2820 743 2884 Decoratum
775 2816 896 2881 fuit
928 2838 967 2881 a
996 2817 1217 2880 Leone
1250 2815 1354 2878 III
1386 2814 1455 2899 (l.
1491 2838 1541 2880 c.
1578 2816 1644 2879 II
1685 2819 1779 2880 12.
1808 2819 1909 2879 21.
1938 2815 2051 2901 24)
2085 2824 2151 2880 et
2183 2838 2220 2879 a
2251 2815 2607 2879 Benedicto
2640 2815 2745 2878 III
2778 2814 2846 2898 (l.
2883 2834 2934 2877 c.
2971 2812 3036 2875 II
3077 2811 3243 2897 145).

346 2924 638 2988 Primum
683 2920 980 2986 monachi
1024 2919 1154 2983 illie
1201 2919 1598 3003 habitarunt,
1655 2926 1883 3004 postea
1929 2920 2274 3001 monialeS,
2337 2941 2503 3004 quae
2563 2918 2840 3003 denique
2903 2916 2986 2980 ad
3041 2938 3090 2979 s.
3125 2913 3245 2979 Su-

345 3048 615 3092 sannam
683 3026 1030 3090 translatae
1095 3030 1258 3088 sunt.
1358 3023 1651 3089 Ecclesia
1708 3049 1758 3088 s.
1799 3024 1934 3089 Viti
1991 3026 2157 3090 inter
2220 3023 2546 3089 diaconias
2608 3021 2802 3088 Urbis
2877 3024 3248 3086 recensetur

350 3130 459 3215 (cf.
504 3130 853 3196 Duchesne
898 3130 965 3192 in
1008 3127 1344 3215 Melanges
1387 3129 1519 3193 VII
1552 3127 1725 3213 238).

565 3284 670 3351 De
716 3285 977 3351 archivo
1020 3284 1199 3349 nihil.

349 3409 385 3470 1
2767 3408 2851 3468 93
3039 3452 3054 3468 .
3089 3408 3130 3465 6

345 3513 446 3577 Ex
490 3513 955 3598 praeceptione
1000 3512 1282 3576 Leonis
1313 3511 1444 3575 VII
1489 3512 1690 3576 Ursus
1736 3510 1937 3574 abbas
1983 3532 2153 3574 mon.
2189 3533 2237 3573 s.
2270 3510 2406 3574 Viti
2454 3407 3035 3574 concedisMgi-izcc}
3072 3406 3159 3592 q.)
3181 3513 3247 3570 et

346 3616 647 3682 Marozza
690 3615 805 3680 rel.
841 3614 1113 3681 ancillae
1158 3614 1284 3679 Dei
1332 3613 1412 3679 de
1459 3636 1628 3679 mon.
1664 3637 1713 3676 s.
1747 3615 1991 3678 Mariae
2041 3621 2106 3679 et
2153 3638 2200 3677 s.
2236 3613 2533 3699 Gregorii
2581 3636 2640 3697 q.
2690 3635 2838 3698 pon.
2886 3614 2950 3675 in
2996 3612 3242 3694 Campo

345 3721 584 3786 Martio
632 3719 913 3803 domum,
960 3720 1023 3782 in
1071 3740 1200 3804 qua
1244 3725 1344 3783 est
1388 3719 1736 3783 oratorium
1784 3740 1832 3782 s.
1867 3717 2215 3800 Theodori,
2261 3718 2441 3782 iuxta
2486 3722 2737 3801 portam
2783 3717 3112 3780 maiorem.

733 3850 783 3886 v.
820 3831 1075 3888 chartam
1111 3849 1161 3886 a.
1187 3831 1289 3886 937
1327 3833 1436 3889 oct.
1462 3831 1495 3884 6
1544 3829 1603 3883 in
1643 3830 1777 3900 Reg.
1816 3828 2112 3884 Sublacen.
2150 3848 2190 3883 s.
2217 3829 2323 3882 XII
2362 3830 2400 3884 f.
2427 3828 2526 3882 145
2574 3827 2681 3895 (ed.
2718 3826 2905 3880 Allodi
2952 3844 2982 3881 e
3021 3825 3155 3881 Levi
3194 3826 3241 3880 Il

560 3936 676 3989 reg.
714 3917 1006 3975 Sublacen.
1044 3936 1098 3988 p.
1126 3918 1227 3974 169
1261 3937 1312 3972 n.
1342 3918 1480 3986 121).
1517 3945 1584 3956 —
1622 3917 1761 3987 Reg.
1786 3916 1881 3970 JL.
1921 3925 2009 3971 —-.‘

1116 4192 1438 4261 Ecclesia
1483 4210 1541 4259 s·
1572 4191 1920 4260 Matthaei
1965 4192 2042 4258 in
2087 4190 2475 4258 Uerulana.

557 4331 901 4390 Panciroli
940 4335 957 4366 ¹
985 4349 1041 4402 p.
1066 4333 1289 4400 622sq.;
1330 4334 1430 4401 ²p.
1461 4331 1555 4386 171
1584 4349 1664 4399 sq.
1720 4362 1786 4370 —-
1844 4327 2241 4384 Martinelli
2280 4347 2334 4398 p.
2360 4329 2553 4396 257sq.
2607 4357 2674 4366 —
2729 4327 2886 4383 Giov.
2915 4328 3067 4384 Batt.
3093 4328 3244 4382 Vac-

351 4420 588 4475 condio
644 4420 871 4477 Lettera
921 4420 1013 4474 del
1068 4419 1236 4474 titolo
1289 4417 1480 4474 antico
1535 4417 1593 4472 di
1636 4418 1688 4474 S.
1734 4417 1951 4473 Matteo
2005 4416 2062 4470 in
2107 4417 2398 4471 Merulana
2439 4416 2639 4482 (Roma
2685 4415 2856 4483 1700).
2894 4446 2959 4453 —
2998 4414 3246 4471 Piazza

350 4524 401 4575 p.
427 4508 531 4562 525
555 4524 641 4576 sq.
696 4537 763 4546 —-
815 4505 875 4562 Ε.
900 4504 1257 4561 Bresciani
1291 4504 1555 4561 Memoris
1593 4505 1743 4560 della
1786 4504 2068 4560 Madonna
2104 4503 2195 4558 del
2231 4502 2512 4572 Perpetuo
2550 4501 2810 4556 Soccorso
2845 4500 2943 4573 gia
2981 4507 3247 4558 venerata

351 4591 405 4647 in
439 4592 489 4647 S.
514 4592 737 4648 Matteo
781 4592 839 4647 in
873 4593 1167 4648 Merulana
1215 4591 1415 4658 (Roma
1456 4592 1625 4661 1866).
1680 4621 1746 4630 —-
1802 4591 1976 4645 Breve
2012 4588 2288 4645 relazione
2327 4589 2456 4645 dell'
2497 4588 2806 4658 Immagine
2843 4587 2900 4642 di
2938 4589 3012 4643 M.
3039 4589 3105 4644 V.
3147 4589 3246 4658 gia

351 4679 620 4735 asistente
664 4678 721 4734 in
759 4679 1052 4736 &Matteo
1096 4677 1156 4732 in
1191 4678 1483 4733 Merulana
1529 4678 1729 4744 (Roma
1767 4678 1941 4743 1867).
2000 4707 2061 4715 —
2120 4676 2437 4731 Forcella
2473 4675 2520 4730 X
2547 4676 2648 4730 447
2674 4693 2754 4744 sq.
2810 4706 2876 4714 —-
2931 4674 3244 4729 Adinolfi

350 4766 372 4818 I
408 4766 619 4835 292sq.
659 4796 726 4805 —
761 4764 825 4821 G.
852 4763 1262 4821 Tomassetti
1311 4763 1500 4819 Cenno
1538 4764 1741 4820 storico
1778 4763 1929 4819 della
1967 4761 2157 4817 chiesa
2195 4762 2252 4816 di
2289 4762 2341 4816 S.
2369 4762 2584 4817 Matteo
2621 4761 2679 4815 in
2715 4762 3006 4817 Merulana
3043 4761 3246 4828 (Roma

354 4852 522 4921 1883).
564 4882 631 4891 -
668 4850 1033 4907 Armellini
1075 4853 1094 4885 ¹
1118 4869 1174 4921 p.
1197 4851 1302 4906 464
1325 4869 1430 4919 sq.;
1472 4856 1493 4886 ²
1521 4869 1573 4920 p.
1601 4851 1703 4906 248
1728 4869 1807 4919 sq.

566 4989 861 5056 Ecclesia
904 4990 965 5055 b.
998 4990 1345 5075 Matthaei,
1393 4992 1570 5055 cuius
1616 4990 1834 5054 titulus
1880 5010 2046 5053 saec.
2081 4989 2141 5052 V
2188 4995 2581 5054 memoratur
2633 4988 2740 5071 (cf.
2787 4986 3132 5052 Duchesne
3180 4989 3243 5050 in

354 5094 690 5181 Melanges
733 5094 865 5159 VII
894 5093 1071 5180 228),
1116 5100 1344 5179 postea
1389 5100 1500 5158 aut
1544 5115 1921 5178 suppressus
1964 5099 2076 5156 aut
2121 5091 2204 5157 ad
2249 5093 2584 5156 ecclesiam
2633 5115 2712 5155 ss.
2748 5092 2925 5156 Petri
2972 5097 3039 5154 et
3068 5091 3240 5154 Mar-

354 5197 565 5262 cellini
597 5198 874 5263 vicinam
906 5199 1269 5281 translatus,
1317 5220 1355 5262 a
1385 5199 1606 5263 Leone
1637 5198 1701 5261 X
1733 5198 2062 5262 restitutus
2107 5203 2233 5272 est;
2281 5196 2416 5260 solo
2450 5202 2764 5281 aequatur
2793 5215 2960 5258 saec.
2987 5193 3238 5258 XVIII.
