4065 6049
1426 477 1781 539 primicerius
1818 483 1877 537 et
1910 480 2118 538 notarii
2157 484 2209 541 S.
2237 484 2301 539 R.
2325 483 2386 540 E.
3271 491 3344 551 15

445 656 877 743 unusquisque
923 677 1040 742 per
1084 658 1414 742 regionem
1463 678 1676 738 suam,
1734 657 2081 743 diligenter
2135 660 2540 745 perquireret
2595 657 2726 744 (ed.
2773 659 3117 725 Duchesne
3166 660 3200 726 I
3241 664 3342 726 52.

444 763 544 826 53.
577 762 727 838 1233
758 760 1121 826 Mommsen
1150 783 1214 846 p.
1243 759 1339 844 7);
1371 762 1736 827 Anterum
1767 768 1954 847 gesta
1986 770 2340 848 martyrum
2373 762 2721 848 diligenter
2752 784 2792 829 a
2818 765 3087 829 notariis
3119 765 3347 851 exqui-

441 865 661 930 sivisse
695 871 762 930 et
790 866 857 929 in
888 864 1161 931 ecclesia
1195 862 1631 931 recondidisse
1665 865 2039 951 (Duchesne
2072 868 2104 932 I
2129 870 2232 933 62.
2262 872 2364 933 64.
2395 871 2498 933 65.
2533 872 2682 945 147;
2714 866 3076 933 Mommsen
3109 890 3170 954 p.
3204 870 3348 953 26);

441 966 857 1034 Fabianum
903 970 1202 1055 regiones
1250 969 1542 1034 divisisse
1590 966 1968 1035 diaconibus
2013 977 2081 1037 ct
2126 971 2356 1036 fecisse
2400 970 2536 1035 VII
2581 970 3026 1055 subdiaconos,
3075 973 3185 1058 qui
3216 971 3349 1038 VII

441 1073 706 1137 notariis
749 1073 1194 1155 imminerent,
1241 1079 1320 1138 ut
1361 1079 1547 1159 gesta
1591 1082 1945 1160 martyrum
1990 1074 2273 1142 fideliter
2318 1077 2700 1163 colligerent
2746 1074 3118 1162 (Duchesne
3164 1077 3197 1141 I
3242 1081 3344 1143 64.

443 1180 544 1240 65.
588 1179 739 1253 148;
785 1177 1148 1242 Mommsen
1193 1199 1254 1262 p.
1290 1178 1423 1262 27).
1516 1177 1705 1253 Quod
1751 1179 1804 1241 si
1849 1179 2014 1244 hanc
2063 1179 2496 1264 traditionem,
2545 1202 2712 1266 quae
2757 1178 3048 1246 Fabiano
3095 1183 3346 1246 institu-

443 1280 683 1345 tionem
730 1282 1120 1347 notariorum
1169 1284 1681 1369 regionariorum
1738 1283 2064 1369 adscribit,
2113 1307 2336 1351 omnes
2383 1287 2498 1351 viri
2547 1284 2719 1350 docti
2765 1284 3159 1351 reiciendum
3206 1306 3348 1350 esse

443 1390 688 1467 putant,
737 1386 1127 1451 notariorum
1177 1388 1689 1472 regionariorum
1734 1385 2023 1453 scholam
2085 1396 2302 1453 tamen
2356 1388 2473 1453 sub
2520 1391 2883 1475 primicerio
2939 1396 3007 1453 et
3050 1388 3346 1454 secundi-

445 1489 613 1552 cerio
661 1489 786 1553 iam
832 1490 1111 1576 antiquis
1166 1490 1566 1576 temporibus
1620 1492 1945 1557 exstitisse
2001 1513 2226 1557 omnes
2282 1515 2400 1578 pro
2462 1500 2637 1559 certo
2696 1500 2970 1557 sumunt.
3063 1489 3349 1558 Notariis

445 1593 609 1657 inter
639 1591 767 1658 alia
797 1614 1016 1659 curam
1054 1615 1311 1680 quoque
1346 1597 1877 1681 patrimoniorum
1923 1597 2095 1662 sedis
2127 1597 2522 1682 apostolicae
2562 1596 2934 1682 delegatam
2982 1596 3207 1671 fuisse,
3266 1617 3348 1660 ex

444 1696 634 1759 variis
679 1699 1110 1782 comperimus
1154 1698 1531 1784 pontificum
1579 1702 1923 1785 rescriptis,
1972 1722 2139 1787 quae
2187 1722 2302 1765 suo
2350 1701 2492 1765 loco
2540 1700 2902 1766 offeremua

441 1885 520 1949 *1
2900 1891 3265 1976 (337—52)

442 1990 692 2056 Iulius
738 1992 770 2055 I
821 1995 1274 2077 „constitutum
1324 1993 1497 2079 fecit,
1545 2002 1616 2060 ut
1662 1995 1871 2060 nullus
1918 1995 2189 2061 clericus
2244 2017 2501 2061 causam
2560 1994 2917 2081 quamlibet
2969 1996 3036 2059 in
3089 1992 3346 2080 publico

441 2102 694 2179 ageret,
742 2097 863 2162 nisi
910 2099 974 2162 in
1020 2097 1328 2183 ecclesia,
1388 2106 1457 2165 et
1501 2101 1761 2185 notitia,
1827 2121 1993 2186 quae
2048 2100 2344 2166 omnibus
2397 2120 2514 2185 pro
2567 2099 2695 2165 fide
2742 2099 3183 2166 ecclesiastica
3228 2104 3345 2181 est,

442 2222 560 2287 per
603 2204 887 2267 notarios
932 2203 1374 2289 colligeretur,
1441 2213 1507 2271 et
1567 2208 1781 2271 omnia
1826 2214 2242 2273 monumenta
2300 2209 2362 2272 in
2409 2205 2683 2272 ecclesia
2740 2226 2858 2291 per
2914 2203 3345 2290 primicerium

442 2308 836 2373 notariorum
884 2306 1200 2372 confectio
1265 2309 1729 2396 celebraretur,
1789 2311 1924 2375 sive
1983 2312 2314 2378 cautiones
2357 2309 2462 2377 vel
2507 2312 2929 2375 instrumenta
2981 2314 3093 2374 aut
3146 2304 3347 2371 dona·

443 2411 650 2475 tiones
693 2411 795 2477 vel
844 2414 1383 2479 commutationes
1430 2415 1534 2480 vel
1581 2413 1961 2480 traditiones
2014 2418 2126 2480 a'ut
2172 2422 2560 2483 testamenta
2605 2414 2710 2479 vel
2764 2413 3192 2499 allegationes
3237 2421 3348 2475 aut

441 2517 975 2582 manumissiones
1021 2515 1238 2585 clerici
1283 2519 1347 2582 in
1394 2518 1674 2584 ecclesia
1718 2539 1837 2604 per
1881 2520 2181 2584 scrinium
2229 2527 2520 2585 sanctum
2569 2516 3111 2605 celebrarentur“.

655 2624 832 2683 Laud.
857 2628 921 2681 in
960 2624 1087 2682 Vita
1110 2627 1244 2683 Iulii
1269 2628 1417 2696 (Lib.
1436 2630 1640 2699 pontif.
1663 2629 1743 2686 ed.
1771 2629 2060 2685 Duchaene
2089 2630 2125 2685 Ι
2145 2637 2284 2698 205,-
2325 2630 2618 2685 Mommsen
2635 2646 2692 2698 1²·
2722 2632 2821 2699 75).
2860 2659 2919 2668 —
2967 2627 3088 2698 1209.
3115 2626 3231 2683 JK.
3267 2656 3346 2681 -—.

821 2724 891 2780 cs.
926 2724 1008 2782 De
1047 2724 1207 2780 Rossi
1245 2725 1283 2781 l.
1310 2743 1355 2781 c.
1395 2745 1450 2797 p.
1478 2725 1678 2782 XXIX.

443 2844 524 2909 *2
3102 2847 3228 2912 525

439 2949 829 3016 Iohannes
875 2950 917 3014 1·
953 2951 1280 3020 Bonifatio
1326 2955 1694 3040 primicerio
1729 2955 2124 3021 notariorum
2156 2955 2489 3041 praecipit,
2536 2961 2607 3019 ut
2652 2958 2848 3039 quota
2895 2951 3046 3018 luna
3069 2854 3175 3016 (sit
3218 2848 3348 3014 diei

441 3052 590 3118 festi
636 3055 962 3140 paschalis
1006 3064 1100 3139 (a.
1133 3057 1295 3137 526)
1338 3061 1621 3145 inquirat
1667 3066 1733 3125 et
1777 3061 2095 3125 rationem
2139 3061 2234 3125 rei
2278 3056 2466 3123 huius
2509 3057 2793 3123 breviter
2838 3057 3108 3122 intimet.

654 3166 833 3222 Laud.
886 3168 950 3222 in
1005 3168 1287 3235 Bonifatii
1336 3171 1668 3240 suqyestione
1720 3169 1863 3236 (ald.
1914 3168 2080 3224 Pura
2131 3169 2295 3224 Amul.
2340 3185 2458 3225 nor.
2499 3168 2779 3223 Solesmen.
2829 3170 3014 3237 (1885)
3054 3184 3115 3236 p.
3151 3173 3258 3222 466
3303 3169 3353 3219 et

446 3253 661 3314 Knaaeh
695 3254 759 3307 in
787 3253 858 3309 N.
889 3253 1090 3309 Archiv
1114 3255 1213 3310 IX
1236 3261 1373 3326 109).
1411 3285 1477 3296 —
1519 3256 1677 3327 Roga.
1704 3256 1818 3312 JK.
1843 3263 1979 3311 87101
2016 3261 2063 3310 et
2098 3255 2208 3313 JE.
2268 3264 2441 3311 {mma
2480 3256 2596 3320 (ubi
2626 3256 2768 3323 salae
2807 3253 3042 3310 Iohanni
3070 3254 3108 3308 Ι
3116 3251 3163 3306 V
3192 3253 3349 3307 attri-

437 3340 663 3409 basiem).

821 3410 889 3465 cf.
929 3407 1008 3467 De
1046 3411 1205 3467 Rossi
1243 3412 1278 3466 1.
1306 3430 1350 3468 c.
1390 3432 1442 3484 p.
1474 3412 1673 3469 XXXI.

438 3530 482 3587 3
2621 3524 2827 3593 Roma
2872 3524 3030 3607 (595
3075 3525 3262 3606 scm.)

401 3627 869 3715 Gregorius
914 3629 948 3694 I
992 3630 1344 3697 Montanae
1390 3640 1457 3696 et
1502 3630 1829 3697 Thomae:
1889 3652 2022 3715 eos,
2071 3630 2347 3696 famulos
2393 3629 2457 3694 S.
2494 3629 2574 3695 R.
2617 3628 2714 3713 E„
2762 3627 3000 3693 liberos
3044 3628 3345 3713 civesque

439 3731 772 3799 Romanos
803 3732 1021 3798 efficit.
1097 3734 1474 3801 Monta-nam
1511 3738 1575 3800 in
1604 3738 1996 3802 monasterio
2027 3757 2078 3800 s.
2111 3735 2443 3800 Laurentii
2476 3735 2782 3818 converti,
2816 3731 3134 3798 'rhomam
3181 3732 3349 3795 inter

442 3838 728 3902 notarios
783 3835 962 3902 iubet
1018 3836 1318 3905 militare.
1376 3876 1458 3886 —
1515 3840 1678 3905 Cum
1736 3839 2112 3925 redemptor
2164 3845 2398 3903 noster.
2491 3838 2623 3903 Ser.
2673 3860 2733 3923 p.
2782 3858 2863 3901 m.
2913 3836 3157 3901 Paterii
3214 3840 3344 3899 not.

442 3942 679 4005 Actum
727 3941 791 4005 in
834 3941 993 4006 urbe
1038 3941 1269 4008 Roma.

651 4051 785 4122 Rea.
824 4050 980 4122 arey.
1026 4051 1066 4107 1
1104 4052 1188 4108 st.
1239 4053 1319 4108 νι
1360 4070 1439 4124 ep.
1481 4061 1552 4109 12.
1650 4052 1979 4122 [Demean
2043 4054 2129 4108 zm.
2167 4053 2240 4108 Π
2293 4070 2338 4109 c.
2374 4060 2445 4108 so
2485 4054 2649 4123 (ὅρη.
2701 4083 2763 4092 -
2811 4049 2959 4107 aad.
3009 4050 3066 4106 S.
3105 4049 3349 4122 orm-ss

408 4138 524 4206 flu.
558 4138 693 4208 opp.
728 4137 813 4194 ea.
849 4138 1037 4196 Maur.
1077 4138 1149 4194 Π
1174 4139 1263 4195 ια).
1303 4139 1390 4195 VI
1414 4158 1471 4196 υ.
1500 4148 1574 4196 12.
1636 4140 1827 4196 Mami
1864 4140 1927 4195 x
1964 4148 2026 4196 m
2060 4157 2115 4194 π.
2145 4149 2218 4195 12.
2281 4141 2469 4209 Msyne
2492 4138 2676 4194 Lxx
2689 4136 2922 4193 v110303
2955 4153 3010 4192 n.
3040 4143 3111 4192 ιι).
3171 4135 3346 4190 Dm-

442 4223 586 4278 dedit
619 4223 699 4278 ed.
740 4224 1075 4280 Mmrinuoei
1102 4244 1160 4295 p.
1192 4231 1322 4294 198‚·
1353 4226 1435 4282 ed.
1470 4226 1632 4294 Wolf
1653 4245 1700 4282 r.
1746 4226 1994 4311 Glaucen
2022 4244 2079 4296 p.
2107 4233 2216 4282 221.
2289 4227 2443 4281 Mon.
2485 4225 2659 4280 Germ.
2700 4222 2841 4293 Em).
2871 4223 3041 4278 1390.
3080 4255 3144 4264 —
3188 4221 3349 4291 Reyy.

439 4309 496 4366 J.
523 4316 668 4366 1022.
719 4310 1014 4368 JE.1391.
3262 4307 3278 4326 “

822 4408 968 4464 Μοιι.
1006 4425 1048 4464 s.
1076 4408 1368 4466 Laurentii
1401 4410 1683 4479 quodnam
1721 4414 1780 4466 et
1815 4410 1913 4466 ubi
1952 4409 2125 4466 fuerit
2161 4409 2502 4478 ignoramus.

440 4539 482 4599 4
2821 4538 2948 4602 626
2990 4536 3142 4602 naai.
3176 4537 3262 4600 12

442 4642 844 4709 Honorius
890 4646 922 4710 I
978 4645 1287 4712 Servodei
1334 4649 1613 4713 notario:
1671 4646 1968 4712 concedit
2012 4644 2228 4711 casale
2284 4669 2344 4731 q.
2393 4666 2540 4731 app.
2591 4641 3011 4709 Aurelianum
3057 4661 3195 4727 pos.
3241 4641 3345 4704 via

442 4747 749 4814 Portuen.
794 4750 976 4815 iuxta
1031 4773 1113 4814 ss.
1154 4748 1394 4815 Abdon
1452 4758 1520 4817 et
1577 4749 1835 4816 Sennen
1890 4748 2119 4815 diebus
2170 4750 2343 4815 vitae
2408 4749 2574 4833 eius,
2636 4749 2727 4812 ita
2792 4766 2948 4811 sane
3001 4752 3076 4811 ut
3128 4741 3211 4809 ab
3266 4764 3344 4809 eo

443 4853 623 4917 annis
669 4853 934 4939 singulis
977 4855 1306 4939 pensionis
1335 4854 1596 4920 nomine
1628 4851 1985 4920 rationibus
2016 4852 2468 4919 ecclesiasticis
2515 4854 2552 4915 2
2588 4852 2726 4916 auri
2771 4849 2887 4916 sol.
2922 4859 2988 4913 et
3032 4848 3345 4914 tremissis

443 4976 604 5021 unus
649 4955 1114 5042 persolvantur.
1164 4996 1245 5006 —-·
1294 4959 1607 5034 Quotiens
1651 4980 1691 5023 a
1736 4957 1938 5023 nobis.
2029 4957 2179 5023 Dat.
2216 4963 2255 5021 4
2301 4957 2386 5021 id.
2421 4957 2594 5040 maii,
2641 4954 2770 5020 ind.
2810 4960 2906 5022 14.

650 5084 949 5140 Dandedt't
986 5086 1072 5143 lib.
1101 5086 1211 5142 111
1241 5104 1285 5143 c.
1313 5093 1407 5143 139
1438 5087 1602 5154 (118).
1640 5116 1705 5125 -
1743 5083 1892 5141 Edd.
1931 5085 2138 5140 Leonis
2174 5085 2253 5140 M.
2281 5083 2414 5153 Opp.
2439 5082 2560 5140 edd.
2587 5082 2857 5138 Baliaris&
2894 5080 3001 5136 111
3021 5098 3080 5151 p.
3112 5077 3343 5136 CCCVI.

442 5172 707 5227 Ζοωονία
744 5170 973 5229 Dicam.
1010 5173 1079 5248 dp
1111 5174 1272 5230 rebus
1305 5172 1429 5229 eccl.
1466 5171 1669 5228 11133.
1746 5171 1941 5226 Mami
1979 5170 2044 5225 X
2085 5176 2188 5225 584
2227 5193 2292 5217 ==
2331 5170 2517 5239 Myse
2539 5166 2784 5224 LXXX
2805 5174 2912 5222 480
2943 5184 3001 5222 π.
3028 5173 3101 5221 12.
3174 5164 3344 5258 Deus-

444 5256 584 5312 dedit
619 5257 695 5314 ed.
739 5259 1065 5315 Martimaoei
1094 5279 1150 5331 p.
1176 5269 1306 5331 294,·
1341 5258 1420 5315 ed.
1460 5258 1620 5324 Wolf
1646 5277 1690 5315 v.
1725 5259 1977 5315 Ghmrell
2004 5277 2061 5328 1²-
2088 5265 2200 5314 327.
2239 5288 2305 5297 —
2344 5256 2506 5327 Reyy.
2545 5257 2607 5311 J.
2636 5262 2780 5310 1660.
2820 5252 2942 5308 JE.
2967 5259 3111 5308 2013.
