4065 6049
998 424 1144 480 Mon.
1181 443 1223 480 s.
1248 424 1501 481 Andreae
1541 454 1602 464 —
1642 424 1789 481 Mon.
1825 443 1895 480 ss.
1926 424 2159 481 Cosmae
2194 429 2254 481 et
2287 422 2563 479 Damiani.
3135 431 3215 491 57

546 601 909 666 Ecclesiam
967 623 1015 664 s.
1069 600 1371 665 Andreae
1444 600 1770 665 dedicavit
1829 599 2196 686 Simplicius
2256 599 2343 685 (n.
2383 598 2466 686 1).
2583 600 2725 665 Illic
2780 598 3132 685 Gregorius
3187 602 3218 665 Ι

334 704 658 790 quandam
704 705 1036 770 homiliam
1082 705 1379 768 recitavit
1432 702 1522 789 (in
1571 703 1838 768 basilica
1883 727 1932 768 s.
1964 704 2270 769 Andreae
2317 709 2465 789 post
2506 703 2887 791 Praesepe).
2977 705 3220 771 Postea

332 810 547 875 floruit
590 808 833 874 ibidem
879 807 1360 892 monasterium,
1407 827 1576 872 saec.
1609 807 1780 872 VIII
1833 807 2183 890 desertum,
2230 807 2406 894 quod
2452 806 2803 895 Gregorius
2848 810 2915 874 II
2970 817 3217 875 restau-

333 914 499 978 ravit
540 914 629 999 (n.
664 914 752 1000 2).
841 913 960 978 Est
1010 913 1470 978 monasterium
1528 910 1687 977 illud
1741 935 1789 977 s.
1833 911 2140 977 Andreae
2196 935 2257 998 q.
2300 933 2448 999 app.
2501 913 2718 978 Massa
2778 913 3056 999 Iuliana,
3116 917 3218 981 cui

334 1020 471 1083 Leo
518 1018 623 1082 III
670 1018 1014 1084 canistrum
1061 1017 1215 1095 fecit
1258 1016 1486 1101 (Liber
1527 1014 1756 1102 pontif.
1805 1016 1907 1082 ed.
1954 1016 2301 1082 Duchesne
2348 1018 2417 1082 II
2449 1018 2582 1104 23),
2630 1025 2696 1084 et
2752 1017 3105 1104 Gregorius
3149 1020 3218 1084 II

334 1123 620 1210 itemque
664 1123 805 1188 Leo
850 1122 987 1205 III,
1046 1123 1158 1208 qui
1202 1127 1375 1187 tecta
1420 1121 1726 1187 basilicae
1773 1122 2108 1187 renovavit
2154 1121 2223 1207 (l.
2258 1143 2310 1186 c.
2358 1122 2427 1186 II
2457 1122 2599 1208 28),
2646 1125 2843 1189 etiam
2889 1124 3220 1189 nominant

334 1233 477 1293 cata
522 1227 814 1292 Barbara
873 1227 1176 1313 patricia;
1221 1233 1479 1312 postea,
1525 1232 1598 1291 ut
1640 1226 1937 1310 credunt,
1996 1247 2231 1291 nomen
2279 1250 2326 1293 s.
2370 1226 2685 1292 Andreae
2745 1227 2826 1293 de
2893 1227 3220 1293 Piscinula

333 1332 605 1416 accepit.
715 1331 925 1396 Huius
992 1332 1366 1396 monasterii
1430 1332 1870 1415 possessiones
1937 1330 2199 1396 fuerunt
2264 1351 2608 1397 concessae
2677 1352 2719 1396 a
2783 1332 3111 1398 Oclestino
3157 1332 3221 1397 V

335 1435 615 1520 capitulo
671 1458 719 1500 s.
766 1434 1014 1502 Mariae
1060 1435 1343 1501 Maioris.
1433 1433 1729 1500 Ecclesia
1773 1434 1984 1499 diruta
2032 1441 2133 1500 est
2174 1456 2343 1501 saec.
2376 1434 2576 1499 XVII
2621 1456 2722 1501 ex.

331 1641 366 1679 ³*
2934 1681 3013 1692 .-

333 1644 791 1831 Slimplicius
836 1744 1094 1811 dedicat
1138 1746 1468 1812 basilicam
1516 1746 1577 1810 b.
1610 1746 1886 1832 apostoli
1916 1745 2223 1812 Andreae
2269 1747 2450 1812 iuxta
2493 1644 2930 1814 basilicagifflsS
2953 1647 3218 1813 Μῖῗαο.
3300 1765 3310 1775 ·

550 1882 734 1937 Laud.
784 1882 847 1937 in
897 1882 1023 1937 Vita
1076 1882 1341 1953 Simplicii
1395 1882 1539 1953 (Lib.
1581 1883 1786 1953 pontis.
1833 1881 1910 1939 cd.
1957 1882 2240 1938 Duchesne
2291 1884 2333 1937 I
2361 1890 2489 1951 249,·
2545 1885 2839 1940 Mommsen
2873 1902 2934 1954 p.
2970 1887 3099 1955 112).
3153 1918 3220 1927 —

331 1971 456 2040 Ray.
494 1970 615 2027 JK.
653 2002 737 2023 --.

711 2089 779 2144 cf.
817 2107 1037 2147 carmen
1080 2089 1297 2146 Valilae
1334 2088 1581 2162 patricii,
1618 2091 1768 2160 quod
1802 2093 1983 2148 denuo
2018 2091 2143 2147 edd.
2179 2092 2221 2146 Ι.
2258 2092 2322 2147 Β.
2361 2093 2443 2149 De
2467 2091 2625 2149 Rossi
2655 2094 2818 2150 Inscr.
2844 2094 2956 2151 chr.
2984 2094 3067 2149 11·
3087 2093 3217 2158 4363

541 2176 733 2231 Grisar
766 2175 1041 2233 Analecta
1077 2176 1329 2233 Romana
1365 2177 1506 2242 1803
1545 2176 1840 2233 Armellini
1880 2180 1900 2210 ²
1924 2196 1979 2248 p.
2004 2177 2107 2233 815
2142 2176 2371 2248 aliique.

338 2371 423 2433 *2
2770 2371 3134 2454 (715--31)

330 2472 761 2557 Gregorius
805 2472 883 2537 II
933 2474 1429 2558 „monasterium
1461 2474 1640 2537 iuxta
1678 2474 1955 2558 positum
2001 2495 2051 2538 s.
2085 2474 2388 2541 Andreae
2435 2480 2640 2561 apost.
2674 2476 2847 2560 quod
2896 2475 3220 2543 Barbarae

328 2583 732 2661 nuncupatur
789 2576 871 2641 ad
926 2578 1189 2641 nimiam
1248 2577 1562 2643 deductus
1608 2578 2072 2663 desertionem,
2128 2580 2194 2643 in
2248 2579 2477 2666 quibus
2529 2602 2612 2646 ne
2656 2603 2819 2646 unus
2862 2581 3222 2647 habebatur

329 2682 704 2764 monachus,
731 2688 1116 2766 restaurans,
1148 2683 1497 2748 monachos
1529 2684 1790 2768 faciens,
1824 2684 2161 2770 ordinavit,
2195 2691 2268 2748 ut
2298 2686 2575 2771 tertiam,
2607 2693 2858 2751 sextam
2890 2692 2959 2752 et
2987 2707 3219 2751 nonam

329 2788 433 2852 vel
499 2788 850 2853 matutinos
924 2788 990 2851 in
1048 2787 1279 2852 cadem
1335 2787 1610 2854 ecclesia
1666 2793 1926 2855 sanctae
1982 2788 2109 2854 Dei
2162 2789 2507 2875 genetricis
2560 2788 2896 2855 cotidianis
2953 2796 3222 2876 agerent

332 2891 619 2958 diebus“.

541 3029 724 3085 Laud.
760 3031 823 3084 in
868 3031 994 3086 Vita
1031 3014 1283 3102 &nyma
1311 3031 1385 3085 11
1408 3031 1555 3100 (ω.
1583 3031 1787 3101 pomis.
1824 3031 1907 3087 ea.
1943 3031 2229 3087 Duchesne
2264 3032 2455 3101 1397).
2490 3062 2557 3072 —
2596 3031 2724 3100 Rea.
2750 3031 2861 3087 JE.
2897 3062 2979 3087 -.

709 3152 791 3208 De
828 3152 1012 3209 altera
1045 3151 1369 3209 redactione
1404 3153 1475 3209 cf.
1513 3153 1800 3210 Duchesne
1836 3153 1872 3208 l.
1899 3172 1945 3209 c.
1982 3155 2043 3210 et
2076 3152 2230 3209 Ferri
2267 3154 2304 3209 l.
2331 3172 2376 3209 c.
2414 3152 2626 3207 XXVII
2655 3153 2770 3209 162.

1016 3497 1527 3566 nonasterium
1576 3514 1674 3566 ss.
1719 3499 2012 3568 cosmae
2059 3500 2135 3565 et
2181 3497 2530 3565 Damlanl.

543 3653 624 3709 Cf.
661 3652 807 3708 Eccl.
845 3672 887 3708 s.
914 3652 1126 3708 Mariae
1161 3651 1405 3708 Maioris.

551 3811 770 3875 Primo
834 3811 956 3876 fuit
1006 3812 1389 3895 oratorium,
1452 3811 1625 3897 quod
1683 3810 2106 3896 Symmachus
2160 3810 2242 3876 ad
2288 3833 2338 3875 s.
2385 3812 2656 3876 Mariam
2703 3833 2744 3876 a
2787 3810 3219 3875 fundamentis

337 3916 688 3981 construxit
719 3914 889 4000 (Lib.
915 3915 1140 4000 pontif.
1167 3914 1269 3980 ed.
1293 3914 1637 3980 Duchesne
1670 3914 1702 3978 I
1735 3918 1889 3991 262;
1921 3915 2282 3980 Mommsen
2311 3937 2374 4000 p.
2407 3915 2575 4001 124).
2643 3914 2743 3978 Ibi
2768 3912 3118 3997 Gregorius
3149 3913 3218 3977 II

334 4020 772 4105 gerocomium
828 4019 1100 4083 instituit
1142 4016 1232 4104 (n.
1291 4019 1374 4105 1),
1419 4023 1491 4083 ut
1535 4018 1804 4083 credunt
1845 4017 2190 4085 Duchesne
2237 4024 2304 4085 et
2347 4018 2530 4083 Ferri
2574 4018 2615 4084 l.
2664 4040 2717 4083 c.
2764 4017 3029 4083 XXVII
3074 4022 3214 4083 ¹65.

337 4124 794 4190 Monasterium
845 4124 1059 4187 floruit
1100 4124 1231 4187 iam
1276 4122 1672 4208 temporibus
1715 4123 1953 4187 Leonis
1998 4121 2103 4186 III
2150 4121 2519 4206 (Duchesne
2549 4122 2620 4187 II
2652 4120 2782 4207 23).
2850 4122 3056 4188 Periit
3098 4120 3216 4186 sub

341 4226 517 4292 Sixto
550 4228 613 4292 V
657 4226 767 4312 (cf.
813 4226 1023 4292 Lubin
1069 4249 1130 4313 p.
1163 4231 1317 4305 3363
1364 4227 1742 4294 Annellini¹
1790 4249 1852 4312 p.
1887 4229 2045 4303 200;
2097 4226 2209 4311 ²p.
2244 4226 2416 4312 236).

340 4432 419 4497 '1
2801 4434 3098 4499 715—31

340 4535 767 4621 Gregorius
812 4538 889 4602 II
954 4539 1226 4604 instituit
1268 4540 1735 4625 gerocomium,
1782 4539 1956 4626 quod
2000 4540 2181 4605 iuxta
2226 4538 2566 4604 ecclesiam
2612 4560 2660 4602 s.
2706 4441 2832 4604 Dssi
2875 4438 3218 4624 genetricis

342 4639 422 4704 ad
464 4642 791 4727 Praesepe
839 4643 1030 4706 situm
1075 4649 1192 4708 est.

544 4777 729 4833 Laud.
765 4779 830 4832 in
876 4779 1001 4833 Vita
1044 4779 1290 4849 Greyorii
1326 4779 1403 4832 ΙΙ
1426 4777 1568 4846 (Lib.
1598 4779 1802 4848 pontis.
1841 4778 1913 4833 ed.
1954 4778 2237 4834 Duchesne
2273 4780 2310 4834 1
2337 4782 2476 4846 397).
2515 4807 2580 4819 -
2620 4779 2743 4848 Ray.
2770 4779 2878 4834 «ΤΕ.
2904 4810 2988 4834 -.

714 4899 877 4955 quta
901 4900 1139 4956 alteram
1163 4899 1331 4956 Vitae
1366 4899 1741 4955 redactionem
1773 4899 2104 4970 „Gregorius
2129 4901 2181 4955 II
2208 4898 2600 4972 gerocomium,
2636 4901 2784 4970 quod
2812 4904 2938 4970 post
2961 4899 3213 4955 absidam

543 5005 584 5040 s.
620 4986 722 5042 Dei
757 4986 1062 5058 genetricis
1096 4988 1169 5043 ad
1205 4988 1534 5057 Praescpem
1568 4987 1739 5042 situm
1775 4991 1885 5053 est,
1926 4986 2318 5043 monasterium
2358 4987 2610 5042 instituit
2636 5026 2683 5041 ..
2710 4990 2769 5040 et
2804 4985 3103 5048 ordinavit,
3152 4988 3216 5038 ut

544 5076 778 5142 utraque
816 5073 1154 5130 monasteria
1190 5075 1249 5140 (i.
1273 5090 1315 5129 e.
1339 5091 1380 5129 s.
1409 5074 1660 5129 Andreae
1694 5080 1742 5128 ct
1777 5091 1845 5129 ss.
1877 5074 2089 5128 Cosnwe
2123 5080 2172 5128 ct
2214 5073 2500 5142 Damiani)
2537 5073 2609 5128 ad
2646 5090 2687 5128 ε.
2730 5072 2835 5128 Dei
2872 5070 3215 5144 genetricem

548 5158 780 5232 siugulis
816 5161 1013 5218 dicbus
1047 5165 1219 5232 atque
1254 5161 1517 5217 noctibus
1550 5161 1667 5218 Deo
1704 5160 1898 5217 laudes
1936 5164 2253 5217 canerent“.
