4065 6049
761 431 785 488 1
798 428 880 491 68
2104 421 2298 478 Roma.

756 602 880 664 *10
3235 599 3540 661 946—55

758 705 1151 790 Agapitus
1195 705 1265 768 II
1311 704 1747 789 possessiones
1792 704 2128 768 confirmat
2173 711 2240 768 et
2286 703 2482 768 donat
2526 703 2893 788 specialiter
2924 599 3343 768 medietatem
3379 600 3662 767 civitatis

757 810 1177 874 Manturanae
1240 816 1307 874 et
1371 810 1564 873 totius
1622 809 1925 872 territorii
1981 810 2119 873 eius
2174 829 2317 872 eum
2364 810 2606 873 colonis
2650 814 2717 874 et
2761 809 3110 873 colonabus
3154 808 3313 890 suis,
3372 809 3660 872 retinens

758 913 1027 978 alteram
1077 912 1492 977 medietatem
1540 913 1605 974 in
1650 911 1932 975 dominio
1979 933 2115 976 suo,

966 1023 1152 1078 Laud.
1189 1024 1252 1076 in
1285 1040 1341 1076 n.
1369 1031 1442 1077 16.
1481 1055 1546 1063 —
1588 1022 1714 1091 Req.
1740 1021 1850 1077 JL.
1889 1052 1971 1076 —.

1135 1118 1411 1173 Exstabat
1446 1116 1580 1172 olim
1617 1117 1675 1171 in
1712 1116 2035 1187 pavimento
2073 1118 2343 1173 ecclesiae
2380 1118 2433 1174 b.
2462 1119 2623 1174 Pauli
2662 1118 2860 1175 tabula
2896 1136 3221 1184 marmorea,
3258 1137 3436 1190 paene
3471 1120 3658 1174 omnis

963 1206 1131 1270 laesa,
1169 1207 1348 1260 solum
1385 1224 1586 1261 nomen
1612 1206 1979 1262 AGAPITVS
2015 1207 2105 1260 ΕΡ
2142 1207 2390 1271 offerens,
2428 1208 2486 1262 in
2523 1225 2636 1276 qua
2675 1205 2909 1277 Agapiti
2950 1207 3001 1260 11
3040 1206 3292 1276 diploma
3326 1207 3431 1261 hoc
3466 1209 3659 1277 sculp-

963 1298 1083 1348 tum
1109 1293 1278 1348 fuisse
1305 1293 1534 1363 putavit
1559 1294 1624 1349 G.
1651 1291 1852 1346 Marini
1878 1312 1968 1362 ap.
1995 1294 2065 1347 A.
2096 1294 2210 1349 Mai
2234 1295 2348 1349 Scr.
2376 1299 2487 1349 vet.
2525 1313 2673 1350 nova
2708 1295 2834 1349 coll.
2853 1294 2901 1347 V
2926 1294 3029 1348 214
3066 1294 3158 1359 (cf.
3185 1312 3235 1346 v.
3265 1293 3658 1363 Pflugk-Hart-

964 1384 1107 1450 tung
1141 1380 1198 1434 in
1237 1380 1469 1442 Quellen
1506 1399 1559 1436 u.
1599 1380 1823 1435 For-sch.
1847 1380 1924 1433 lv
1955 1382 2055 1435 169
2090 1385 2204 1435 not.
2231 1382 2264 1435 2
2300 1385 2358 1436 et
2394 1380 2584 1435 Grisar
2622 1380 2780 1435 Aual.
2818 1380 2976 1435 Rom.
3002 1381 3025 1433 l
3053 1379 3158 1448 39).

759 1488 879 1548 *11
3116 1488 3564 1569 (999—1003)

759 1590 1149 1655 Silvester
1193 1589 1262 1652 II
1306 1590 1640 1654 confirmat
1686 1592 2141 1674 possessiones.

967 1700 1152 1755 Laud.
1190 1700 1250 1753 in
1285 1717 1340 1754 n.
1371 1709 1427 1753 16
1462 1706 1512 1755 et
1550 1710 1628 1755 19.
1670 1731 1730 1739 —
1773 1700 1898 1770 Ray.
1937 1701 2046 1756 JL.
2082 1708 2228 1755 3936.

760 1825 884 1887 *12
3164 1824 3603 1901 (1048-54).

759 1929 913 1992 Leo
961 1928 1058 1991 IX
1106 1927 1401 1991 concedit
1446 1928 1849 2012 privilegium
1897 1928 2416 1991 confirmationis.

967 2037 1139 2091 Laud.
1177 2039 1239 2091 in
1273 2055 1329 2090 n.
1359 2045 1416 2091 16
1452 2043 1502 2091 et
1543 2047 1617 2091 19.
1657 2068 1718 2077 -
1759 2038 1885 2107 Req.
1911 2039 2022 2094 JL.
2051 2045 2199 2092 4327.

759 2163 883 2223 *13
3163 2162 3435 2243 (1057—
3453 2164 3569 2242 58)

760 2266 1204 2350 Stephanus
1248 2265 1346 2328 IX
1393 2264 1689 2329 concedit
1734 2265 2160 2349 privilegium.

966 2376 1148 2431 Laud.
1186 2377 1250 2429 in
1282 2393 1339 2430 n.
1361 2385 1437 2430 19.
1475 2410 1541 2417 —
1581 2376 1707 2446 Req.
1745 2376 1862 2432 JL.
1899 2384 2059 2431 4380.

763 2502 883 2563 *14
3196 2501 3539 2561 1061—73

761 2603 1223 2668 Alexander
1269 2603 1338 2665 Π
1395 2602 1690 2667 concedit
1748 2624 1970 2666 omnes
2017 2602 2377 2667 oblationes
2436 2625 2629 2688 super
2692 2604 2895 2667 altare
2952 2500 3251 2666 maius(s.
3286 2602 3473 2665 Pauli
3519 2499 3662 2666 give

761 2712 824 2773 in
871 2709 1270 2771 confessione
1318 2712 1512 2790 atque
1561 2708 1625 2770 in
1672 2707 1932 2792 reliquis
1964 2707 2277 2771 ecclesiae
2324 2707 2384 2771 b.
2420 2707 2605 2771 Pauli
2655 2707 2963 2771 altaribus
2994 2706 3178 2771 datas
3224 2713 3292 2771 et
3322 2706 3665 2770 confirmat

762 2813 1219 2897 possessionen.

970 2922 1152 2976 Laud.
1191 2921 1256 2975 in
1290 2938 1345 2975 n.
1372 2929 1434 2975 16
1468 2925 1515 2974 et
1553 2928 1632 2975 19.
1670 2952 1735 2961 -
1774 2920 1899 2990 1³09·
1924 2921 2039 2977 JL.
2078 2928 2227 2974 4740.

761 3047 844 3108 15
3163 3043 3571 3127 (1074—75)

763 3150 1189 3234 Gregorius
1232 3148 1364 3213 VII
1423 3148 1716 3212 omnibus
1783 3148 2147 3211 christianis
2206 3155 2357 3212 etc.:
2428 3150 2776 3231 promittit,
2845 3169 2914 3212 se
2992 3153 3091 3211 ter
3147 3148 3212 3211 in
3275 3169 3441 3211 anno
3509 3169 3663 3211 eum

764 3254 1056 3318 omnibus
1101 3253 1411 3317 Romanis
1458 3252 1745 3316 ecclesiis
1790 3252 2180 3335 generaliter
2226 3253 2484 3315 missam
2518 3251 2987 3316 celebraturum
3036 3259 3104 3316 et
3135 3252 3375 3335 septies
3405 3253 3661 3335 specia7

763 3359 911 3423 liter
968 3359 1347 3421 memoriam
1401 3356 1654 3419 illorum
1716 3356 2094 3420 clericorum
2160 3364 2229 3420 et
2281 3356 2619 3439 laicorum,
2690 3357 2797 3440 qui
2868 3378 2907 3420 a
2962 3356 3311 3420 Guillelmo
3374 3357 3662 3441 glorioso

763 3464 1153 3547 Aquitaniae
1200 3462 1363 3526 duce
1411 3459 1495 3524 ad
1540 3461 1848 3524 auxilium
1895 3460 2354 3545 praestandum
2400 3462 2676 3543 incitati,
2732 3482 3117 3546 unoquoque
3176 3482 3343 3525 anno
3401 3459 3484 3523 de
3528 3461 3666 3523 suis

763 3566 954 3630 rebus
1042 3566 1399 3630 oblationes
1479 3564 1699 3648 largiri
1768 3565 2218 3649 disposuerunt
2290 3563 2374 3627 ad
2456 3563 2763 3628 ecclesias
2830 3563 2891 3627 b.
2948 3565 3128 3629 Petri
3202 3570 3270 3628 et
3347 3563 3409 3627 b.
3469 3563 3663 3627 Pauli

765 3670 1239 3752 restaurandas,
1286 3671 1453 3732 inter
1485 3690 1668 3732 sacra
1698 3670 2034 3732 missarum
2066 3668 2403 3732 sollemnia
2433 3667 2818 3750 habiturum,
2866 3675 2937 3732 ut
2965 3668 3144 3733 Deus
3189 3689 3301 3733 eos
3346 3690 3388 3732 a
3418 3669 3664 3732 cunctis

767 3776 1048 3858 peccatis
1095 3774 1403 3838 absolvat.

1140 3903 1191 3939 v.
1227 3886 1378 3940 Eccl.
1415 3904 1454 3938 s.
1495 3885 1646 3939 Petri
1687 3884 1745 3938 in
1787 3884 2067 3940 Vaticano
2104 3903 2155 3938 n.
2182 3885 2265 3938 25.

765 3992 849 4053 16
2196 4040 2202 4047 .
2821 3988 3224 4071 (1073-85)
3269 3993 3457 4052 mart.
3493 3990 3573 4050 14

764 4096 1194 4180 Gregorius
1224 4094 1355 4159 VII
1390 4094 1594 4158 Paulo
1621 4095 1948 4179 apostolo:
1983 4093 2157 4158 cedit
2187 4116 2409 4158 omnes
2441 4093 2799 4157 oblationes
2823 4115 3015 4178 super
3043 4093 3268 4175 altare,
3301 4091 3662 4156 oblationes

765 4200 1183 4263 confessionis
1229 4206 1296 4263 ct
1326 4200 1607 4262 omnium
1641 4199 1939 4263 altarium
1981 4199 2294 4263 ecclesiae
2327 4197 2386 4261 b.
2422 4198 2608 4262 Pauli
2641 4220 2757 4282 pro
2791 4197 3255 4261 restauratione
3289 4197 3661 4259 monasterii

765 4312 830 4367 et
877 4304 1211 4367 confirmat
1269 4304 1704 4387 possessiones
1764 4304 2140 4367 nominatim
2202 4324 2541 4386 expressas
2597 4309 2664 4365 et
2721 4311 2980 4384 cuneta,
3042 4321 3208 4386 quae
3255 4321 3295 4364 a
3342 4298 3660 4383 Gregorio

771 4407 1072 4491 „doctore
1120 4407 1467 4472 mellifluo“
1515 4413 1607 4488 (n.
1641 4411 1733 4490 3),
1797 4409 2019 4471 Leone
2067 4407 2162 4470 IV
2209 4411 2302 4486 (n.
2340 4409 2427 4489 7),
2486 4405 2793 4470 Silvestre
2839 4407 2932 4487 (n.
2967 4405 3096 4487 11),
3142 4404 3393 4468 Marino
3440 4406 3533 4485 (n.
3566 4405 3658 4484 9),

765 4513 985 4575 Leone
1033 4510 1133 4574 IX
1196 4518 1287 4591 (n.
1324 4513 1467 4592 12),
1536 4511 1819 4594 Agapito
1866 4513 1958 4590 (n.
2000 4511 2134 4592 10),
2198 4509 2548 4573 Paschasio
2610 4510 2703 4590 (n.
2739 4512 2810 4585 6)
2874 4517 2941 4573 et
2984 4507 3359 4572 Alexandro
3407 4509 3499 4589 (n.
3546 4509 3658 4584 14)

766 4636 1070 4679 concessa
1128 4621 1194 4679 et
1251 4613 1626 4677 confirmata
1687 4620 1848 4677 sunt.
1897 4654 1979 4660 —-
2029 4614 2617 4698 Quotienscumque
2680 4612 2813 4676 tibi.
2890 4612 3022 4676 Ser.
3079 4634 3141 4696 p.
3192 4634 3275 4676 m.
3322 4612 3659 4678 Beniamin

767 4725 896 4783 not.
945 4742 992 4783 s.
1040 4719 1193 4803 pal,
1238 4719 1304 4781 in
1349 4740 1432 4781 m.
1480 4719 1730 4802 martie,
1780 4718 1883 4782 die
1940 4723 2034 4800 14,
2082 4716 2209 4781 ind.
2246 4768 2259 4780 .
2299 4767 2312 4781 .

978 4832 1054 4883 B¹
1094 4847 1146 4884 a.
1186 4837 1312 4883 1281
1348 4829 1458 4882 dec.
1491 4835 1569 4883 31.
1622 4828 1704 4882 Β2
1738 4845 1780 4883 s,
1809 4828 1977 4882 XIV.
2031 4828 2116 4898 [0
2143 4829 2184 4893 f.
2210 4833 2275 4882 δ’.
2332 4828 2391 4881 D
2418 4846 2477 4896 p.
2508 4837 2548 4881 1.
2610 4827 2670 4882 Ε
2698 4829 2743 4894 s.
2770 4827 2843 4897 1].
2869 4860 2935 4868 -
2973 4826 3118 4882 Edd.
3158 4827 3472 4895 Maryarim'
3509 4826 3656 4880 Buta

773 4916 891 4971 Cas,
930 4918 999 4970 11
1031 4924 1130 4970 107
1160 4933 1216 4970 π.
1252 4923 1341 4969 112
1377 4939 1442 4960 =
1480 4915 1674 4983 Miqne
1713 4914 2031 4968 CXLVIII
2082 4922 2174 4968 722
2208 4932 2262 4968 π.
2303 4922 2381 4968 78.
2457 4913 2625 4982 Coppi
2676 4914 2737 4966 in
2774 4914 2999 4968 Dissert.
3046 4913 3185 4967 della
3224 4913 3423 4982 pontis.
3459 4912 3655 4968 Accua.

769 5003 921 5057 Rom.
964 5003 1087 5057 XV
1126 5004 1300 5069 (1864)
1337 5009 1439 5056 209
1482 5019 1538 5057 n.
1574 5011 1641 5057 23
1679 5025 1742 5047 =
1789 5002 1854 5057 G.
1892 5002 2119 5055 Cascioli
2168 5003 2328 5055 Mem.
2367 5007 2489 5055 ster.
2526 5001 2589 5054 di
2625 5002 2748 5054 Pola·
2783 5002 2983 5066 (Roma
3019 5002 3176 5068 1896)
3203 5018 3260 5069 p.
3289 5007 3394 5054 299
3428 5018 3484 5055 n.
3508 5009 3553 5055 4.
3593 5030 3659 5038 —

769 5090 929 5159 chy.
966 5090 1124 5159 Deyli
1160 5089 1354 5155 Esseni
1394 5088 1555 5144 Mem.
1601 5088 1661 5141 di
1698 5087 1750 5141 S.
1773 5087 2032 5143 Nonnoso
2068 5087 2196 5153 (De’
2232 5087 2414 5157 boryhi
2457 5088 2517 5140 di
2556 5088 2733 5142 Roma
2768 5104 2795 5142 c
2831 5088 3013 5157 luoyhi
3044 5087 3313 5142 convicini
3345 5089 3404 5141 al
3437 5087 3659 5141 „S'oratta

768 5177 840 5229 In
877 5177 1050 5231 Roma
1086 5178 1239 5244 1675)
1257 5193 1316 5245 1²·
1341 5183 1425 5232 29.
1483 5174 1703 5229 Gaaetti
1731 5177 1945 5244 Capena
1961 5193 2020 5244 p.
2048 5183 2129 5229 42.
2198 5174 2421 5229 Galletti
2443 5176 2548 5230 Del
2566 5175 2846 5244 primiccro
2866 5192 2919 5243 p.
2949 5181 3065 5230 368.
3121 5172 3193 5229 N.
3221 5174 3419 5229 Archiv
3444 5174 3662 5230 111155
