4065 6049
1125 450 1274 506 Eccl.
1311 468 1353 504 s.
1391 447 1616 506 Nicolai
1652 449 1722 506 de
1756 449 2049 507 Praefecto
2084 479 2149 488 —
2187 448 2334 504 Mon.
2373 446 2598 504 Renati.
3223 452 3304 515 89

418 628 500 691 10
2156 623 2364 689 Roma
2407 623 2472 688 S.
2520 622 2737 688 Pietro
2783 623 2949 686 1194
2996 623 3145 686 mai.
3181 626 3222 687 7

415 732 877 798 Celestinus
922 730 1028 793 III
1073 728 1438 794 abbatissae
1485 729 1749 813 eiusque
1796 728 2120 793 sororibus
2165 734 2318 793 etc.:
2359 749 2529 792 mon.
2576 751 2624 792 s.
2658 728 2902 793 Mariae
2949 729 3014 792 in
3058 727 3305 812 Campo

414 837 639 901 Martis
684 834 801 899 sub
847 840 1050 920 apost.
1099 833 1501 918 protectione
1560 834 1850 917 suscipit,
1909 833 2199 918 regulam
2255 855 2304 897 s.
2350 831 2687 897 Benedicti
2751 838 2817 898 et
2871 832 3309 917 possessiones

414 940 689 1025 propriis
734 960 1071 1024 expressas
1128 936 1459 1002 vocabulis
1505 937 1870 1019 confirmat,
1938 939 2104 1002 inter
2158 959 2317 1022 quas
2374 938 2713 1003 ecclesiam
2768 960 2817 1001 s.
2863 936 3169 1001 Andreae
3224 936 3307 1001 de

414 1042 867 1129 Morta(ra)riis
921 1045 1049 1107 iam
1103 1041 1185 1106 ab
1241 1041 1618 1106 Innocentio
1664 1041 1735 1105 II
1790 1042 1885 1124 (n.
1915 1042 1989 1119 2)
2054 1062 2444 1106 concessam.
2502 1079 2581 1089 --
2629 1042 2816 1107 Licet
2868 1063 2951 1107 ex
3002 1042 3303 1105 iniuncto,

414 1148 555 1233 Ego
602 1147 967 1213 celestinus
1012 1153 1133 1212 etc.
1204 1144 1456 1210 Subscr.
1491 1150 1565 1210 21
1615 1146 1786 1211 card.
1857 1145 2007 1212 Dat.
2041 1145 2290 1211 Romae
2324 1168 2428 1232 ap.
2460 1169 2508 1211 s.
2542 1146 2809 1212 Petrum
2840 1168 2900 1231 p.
2934 1166 3018 1210 m.
3092 1145 3309 1230 Egidii

416 1276 464 1316 s.
496 1253 749 1317 Nicolai
803 1253 868 1316 in
926 1271 1183 1316 carcere
1237 1250 1534 1316 Tulliano
1590 1251 1753 1316 diac.
1788 1251 1984 1337 card.,
2039 1272 2186 1316 non.
2227 1253 2401 1334 maii,
2461 1250 2590 1316 ind.
2630 1253 2727 1334 12,
2776 1272 2832 1315 a.
2866 1251 2988 1315 inc.
3022 1249 3082 1314 d.
3124 1253 3306 1333 1194,

415 1364 588 1442 pont.
623 1378 680 1421 V.
715 1356 775 1420 d.
809 1355 1117 1421 Celestini
1164 1376 1270 1440 pp.
1305 1354 1410 1418 ΙΙΙ
1456 1376 1511 1420 a.
1548 1360 1606 1419 4.

622 1467 750 1537 [Δ]
822 1467 900 1521 Ει
945 1468 989 1533 s.
1014 1473 1123 1521 136.
1196 1465 1276 1519 Ε2
1323 1467 1368 1532 f.
1397 1473 1466 1520 64
1503 1467 1595 1534 (cx
1628 1466 1771 1521 arch.
1809 1468 1993 1536 mon).
2046 1466 2106 1521 D
2139 1467 2185 1532 s.
2214 1468 2328 1521 287¹
2368 1465 2545 1532 (ital).
2598 1495 2666 1505 —
2715 1464 2820 1519 Ed.
2864 1464 2968 1518 Iac.
3006 1462 3093 1517 De
3127 1462 3308 1517 Nobili

408 1573 465 1622 p.
492 1562 556 1609 23
589 1557 665 1623 (p.
690 1557 780 1622 24)
816 1559 865 1608 et
899 1553 1207 1608 Martinam
1234 1569 1293 1622 p.
1318 1560 1417 1608 201
1452 1553 1636 1622 (ital).
1677 1584 1736 1591 —
1781 1553 1935 1622 12099.
1982 1552 2183 1623 Uyhelli
2211 1555 2227 1587 ¹
2252 1553 2289 1607 1
2318 1559 2448 1619 230‚·
2485 1555 2507 1586 ²
2532 1550 2572 1605 1
2606 1558 2721 1606 201.
2808 1550 2976 1605 Bassa·
3027 1550 3213 1604 Ston'a
3247 1549 3308 1603 di

423 1640 632 1695 Vita-bo
657 1658 718 1711 p.
742 1648 852 1697 103.
926 1640 1191 1711 Pflu9kH.
1227 1639 1337 1695 Iter
1361 1658 1422 1709 p.
1449 1645 1550 1695 330
1582 1656 1638 1694 n.
1664 1646 1772 1695 966.
1808 1639 1918 1695 JL.
1957 1646 2130 1695 17095.

1191 1915 1516 1984 Ecclesia
1560 1932 1618 1984 a.
1665 1915 1940 1983 Nicolal
1984 1914 2071 1982 de
2117 1915 2528 1983 Praefecto.

1453 2037 1593 2104 (San
1629 2036 1835 2093 Nicola
1870 2036 1962 2093 dei
2000 2036 2278 2106 Prefetti.)

624 2158 707 2213 Cf.
747 2157 899 2212 Eccl.
934 2176 976 2211 s.
1003 2156 1322 2227 Triphonis.

632 2313 734 2379 De
801 2314 924 2379 hac
989 2312 1349 2395 ecclesiola,
1419 2312 1542 2376 sita
1611 2313 1674 2375 in
1742 2311 1989 2396 Campo
2053 2311 2287 2376 Martio
2356 2332 2483 2375 non
2549 2311 2743 2396 longe
2810 2332 2851 2375 a
2916 2311 3305 2375 monasterio

423 2440 473 2480 s.
506 2418 751 2482 Mariae
797 2417 907 2504 (cf.
940 2415 1156 2501 Nibby
1201 2416 1233 2479 I
1267 2420 1422 2492 5623
1467 2416 1765 2482 Forcella
1808 2417 1872 2481 X
1903 2419 2026 2482 233
2056 2437 2180 2501 sq.;
2226 2415 2567 2481 Armellini
2620 2417 2642 2456 ¹
2672 2438 2734 2500 p.
2770 2418 2925 2493 4803
2974 2416 3002 2455 ²
3034 2437 3096 2500 p.
3129 2413 3305 2499 335),

422 2543 747 2607 perpauca
791 2523 1043 2586 scimus.

635 2678 1058 2759 Documenta,
1107 2698 1272 2762 quae
1319 2677 1402 2742 ad
1433 2678 1773 2743 ecclesiam
1804 2699 1854 2743 s.
1885 2676 2141 2742 Nicolai
2175 2676 2256 2741 de
2288 2676 2631 2742 Praefecto
2664 2681 2976 2760 spectant,
3021 2676 3308 2740 invenies

418 2779 535 2844 sub
581 2780 754 2846 Eccl.
803 2804 851 2845 s.
885 2781 1247 2867 Triphonis.
1973 2790 1983 2799 “

808 3054 1324 3124 monasterium
1372 3073 1468 3123 ss.
1516 3055 1843 3124 Andreae
1889 3057 1966 3124 et
2009 3055 2270 3124 Luclae
2317 3075 2386 3139 q.
2431 3074 2593 3141 app.
2640 3056 2924 3125 Renati.

632 3195 869 3262 Renati
900 3198 1273 3263 monasterii
1319 3199 1474 3263 satis
1508 3198 1754 3283 antiqui
1785 3196 1985 3263 abbas
2015 3197 2268 3262 Probus
2297 3198 2427 3262 iam
2460 3199 2733 3263 occurrit
2778 3196 2894 3262 sub
2927 3196 3242 3282 Gregorio
3275 3195 3308 3259 Ῑ

418 3298 507 3384 (n.
563 3299 644 3384 1).
737 3300 1152 3367 Incoluerunt
1204 3301 1357 3366 olim
1411 3302 1711 3366 monachi
1754 3302 2002 3387 graeci,
2068 3322 2336 3386 quorum
2396 3300 2697 3366 abbatem
2752 3301 3156 3366 Thalassium
3210 3299 3305 3362 in-

415 3405 704 3468 venimus
750 3426 807 3469 a.
842 3409 967 3470 649
1026 3407 1091 3470 in
1136 3406 1381 3491 synodo
1427 3407 1752 3491 Romana,
1817 3413 1884 3472 et
1937 3406 2291 3493 Georgium
2335 3407 2720 3472 monachum
2767 3429 2825 3472 a.
2873 3409 2993 3472 681
3044 3407 3109 3470 in
3154 3426 3305 3469 con-

415 3508 561 3572 cilio
612 3509 919 3593 generali.
1010 3508 1193 3575 Sacc.
1239 3512 1303 3576 X
1363 3511 1483 3576 fuit
1526 3511 1984 3576 monasterium
2029 3512 2437 3595 Latinorum,
2496 3532 2767 3596 quorum
2825 3517 3037 3577 rector
3082 3532 3139 3575 a.
3183 3512 3309 3575 980

416 3611 768 3696 Gregorius
818 3612 985 3676 filius
1039 3613 1338 3679 Marozae
1397 3616 1729 3680 senatricis
1797 3614 2097 3680 exstabat
2176 3614 2369 3701 (Reg.
2436 3613 2773 3681 Sublacen.
2820 3615 2922 3681 ed.
2968 3613 3191 3681 Allodi
3244 3619 3311 3678 et

414 3715 574 3779 Levi
619 3737 680 3800 p.
742 3722 858 3780 155
907 3739 964 3780 n.
1014 3718 1185 3802 109).
1287 3718 1675 3784 Nominatur
1730 3720 1927 3784 etiam
1981 3720 2047 3783 in
2104 3718 2300 3783 Libro
2362 3720 2713 3804 pontificali
2773 3717 2889 3783 sub
2933 3719 3155 3784 Leone
3202 3717 3308 3781 III

417 3818 787 3899 (Duchesne
820 3819 888 3883 II
928 3825 1023 3885 11.
1057 3823 1201 3904 24);
1248 3828 1316 3886 at
1359 3828 1507 3906 post
1552 3843 1722 3887 saec.
1754 3823 1818 3886 X
1863 3823 2236 3887 monasterii
2282 3845 2330 3886 s.
2362 3822 2668 3888 Andreae
2699 3823 3012 3887 memoria
3044 3822 3309 3907 quaevis

416 3922 833 3989 desideratur.
943 3925 1314 3990 Oratorium
1373 3946 1526 3989 vero
1583 3948 1632 3990 s.
1686 3926 1928 3990 Luciae
1999 3947 2060 4010 q.
2129 3946 2277 4010 pon.
2347 3927 2410 3989 in
2476 3926 2867 3991 monasterio
2930 3925 3010 3990 de
3071 3924 3308 3990 Renati

414 4033 806 4092 memoratur
870 4029 934 4092 in
995 4028 1153 4093 Vita
1221 4026 1521 4114 Gregorii
1567 4029 1663 4093 IV
1717 4028 1787 4114 (l.
1834 4049 1887 4093 c.
1932 4028 2003 4092 II
2053 4028 2182 4114 79).
2299 4029 2579 4095 Ubinam
2648 4031 2837 4096 situm
2913 4030 3109 4095 fuerit
3184 4028 3308 4092 hoc

415 4132 899 4215 monasterium,
940 4134 1028 4197 ·in
1073 4132 1268 4197 dubio
1315 4138 1634 4198 versatur:
1691 4133 2043 4198 Martinelli
2095 4156 2159 4219 p.
2194 4137 2316 4200 367
2377 4140 2445 4200 et
2486 4133 2696 4199 Lubin
2740 4157 2804 4220 p.
2838 4138 2984 4218 343,
3030 4133 3305 4199 auctori-

416 4241 614 4299 tatem
663 4233 1001 4301 Grimaldii
1047 4237 1284 4320 secuti,
1341 4236 1614 4301 credunt
1658 4236 1854 4301 fnisse
1903 4237 2243 4302 ecclesiam
2290 4260 2338 4302 s.
2372 4238 2612 4303 Luciae
2657 4238 2851 4324 vulgo
2897 4238 3071 4303 della
3114 4237 3308 4302 Tinta

415 4335 525 4422 (cf.
573 4337 788 4423 Nibby
834 4340 866 4402 Ι
913 4339 1087 4426 311).
1187 4340 1272 4405 Et
1320 4340 1673 4406 Duchesne
1730 4339 1898 4425 (Lib.
1945 4341 2173 4426 pontif.
2216 4341 2287 4405 H
2333 4344 2415 4406 39
2461 4349 2592 4407 not.
2639 4340 2751 4428 47)
2812 4364 2955 4407 eam
3011 4343 3308 4426 opinatur

416 4443 610 4507 fuisse
660 4464 824 4528 quae
889 4449 1116 4528 postea
1160 4445 1438 4510 ecclesia
1497 4467 1546 4508 s.
1587 4444 1891 4510 Andreae
1952 4445 2034 4509 de
2080 4445 2518 4511 Marmorariis
2575 4447 2708 4512 sive
2770 4445 2852 4511 de
2909 4444 3307 4511 Mortarariis

415 4543 638 4630 (hodie
693 4567 741 4610 s.
782 4546 998 4611 Ivonis
1049 4546 1443 4632 Brittonum)
1504 4555 1572 4613 et
1630 4548 1903 4613 ecclesia
1955 4571 2005 4613 s.
2052 4549 2294 4614 Luciae
2354 4549 2644 4625 Quatuor
2696 4555 3026 4635 portarum
3084 4548 3307 4634 (bodie

418 4649 481 4713 S.
513 4650 716 4715 Lucia
760 4650 933 4716 della
976 4652 1212 4735 Tinta).
1301 4653 1538 4718 Errant
1580 4651 1924 4717 Armellini
1975 4653 1998 4693 ²
2031 4675 2094 4737 p.
2129 4657 2285 4730 3203
2335 4653 2362 4694 ²
2392 4676 2457 4738 p.
2503 4657 2626 4720 809
2673 4661 2740 4719 et
2782 4654 3099 4719 Pressutti
3138 4653 3305 4739 Reg.

415 4755 690 4820 Honorii
735 4755 840 4819 III
896 4762 939 4821 t.
982 4757 1017 4820 I
1069 4779 1132 4842 p.
1186 4756 1479 4842 CXVII,
1549 4759 1656 4842 qui
1726 4756 2136 4822 crediderunt
2199 4759 2657 4823 monasterium
2723 4756 2960 4824 Renati
3026 4760 3306 4842 positum

417 4857 612 4924 fuisse
669 4860 734 4924 in
806 4868 1024 4926 monte
1086 4861 1417 4946 Esquilino
1487 4860 1659 4946 apud
1728 4861 2067 4926 ecclesiam
2132 4883 2181 4925 s.
2222 4860 2517 4946 Eusebii‚
2574 4862 2744 4927 male
2809 4864 3307 4947 interpretantes

418 4963 696 5047 nomina,
744 4985 908 5049 quae
956 4964 1273 5030 habentur
1316 4967 1383 5030 in
1430 4966 1850 5030 instrumento
1899 4988 1954 5029 a.
1997 4968 2159 5031 1162
2208 4972 2369 5050 sept.
2403 4968 2484 5029 22
2532 4964 2664 5051 (ed.
2708 4966 2954 5031 Fedele
3001 4967 3066 5031 in
3109 4965 3303 5031 Arch.

418 5066 590 5132 della
635 5067 776 5133 Soc.
823 5068 1010 5133 Rom.
1043 5067 1271 5133 XXVI
1318 5067 1547 5154 (1903)
1594 5072 1672 5133 27
1723 5091 1783 5134 n.
1819 5068 1949 5154 89).

632 5216 847 5281 Unum
894 5214 1348 5282 documentum
1393 5217 1566 5302 quod
1611 5216 1924 5282 habemus
1970 5237 2053 5282 ex
2099 5214 2398 5303 Gregorii
2442 5216 2477 5280 I
2523 5222 2780 5302 regesto
2826 5215 3230 5301 sumpsimus.
