4065 6049
1232 374 1628 445 Iohannopolis
1662 407 1729 416 —
1766 373 1912 431 Gens
1948 373 2283 431 Crescentis..
3083 384 3199 446 185

320 552 394 616 Ε.
428 552 886 617 Rodocanachi
918 554 1047 617 Les
1077 553 1514 635 corporations
1554 552 1880 617 ouvrieres
1911 554 1951 615 a
1980 552 2189 616 Rome
2222 551 2450 636 depuis
2480 553 2543 617 la
2574 553 2762 618 chute
2796 553 2878 619 de
2909 554 3202 639 l'empire

320 660 563 721 romain
610 657 823 742 (Paris
877 658 1097 743 1894);
1152 660 1227 722 L.
1260 658 1348 722 M.
1381 657 1745 722 Hartmann
1797 659 1862 721 in
1907 657 2278 722 Zeitschrift
2322 657 2423 721 fur
2467 657 2721 722 Social-
2774 658 2906 722 und
2951 658 3199 723 Wirth-

319 763 932 847 schaftsgeschichte
978 763 1082 826 III
1131 762 1360 848 (1895)
1413 765 1531 825 109
1563 784 1656 847 sq.

536 923 747 987 Unum
795 920 1266 1004 documentum,
1314 922 1559 986 scilicet
1602 921 1937 986 Paschalis
1983 922 2053 984 II
2099 921 2448 985 iudicatum
2494 920 2583 1006 (n.
2625 921 2708 1007 1),
2757 922 3070 987 habemus
3118 922 3199 987 de

323 1028 542 1091 schola
588 1029 1007 1111 piscatorum,
1055 1027 1231 1090 cuius
1274 1028 1448 1110 prior
1491 1028 1625 1091 sive
1672 1027 2068 1111 primicerius
2114 1032 2261 1091 tunc
2305 1027 2643 1092 Albericus
2686 1027 2852 1090 filius
2896 1028 3204 1091 Fusconis

321 1139 479 1214 erat,
527 1133 635 1217 qui
681 1130 862 1213 dixit,
909 1152 978 1196 se
1024 1131 1312 1195 scholam
1357 1132 1566 1216 stagni
1611 1153 1652 1196 a
1695 1132 1871 1195 curia
1914 1130 2282 1197 obtinuisse.

323 1272 362 1333 1
2650 1270 2817 1333 1115
2863 1291 3000 1334 nov.
3031 1273 3116 1333 24

319 1376 554 1439 Coram
600 1373 977 1438 Paschale
1025 1373 1092 1436 II
1147 1394 1340 1438 causa
1394 1374 1559 1437 inter
1601 1374 2011 1438 Anastasium
2082 1373 2383 1439 abbatem
2440 1396 2607 1439 mon.
2657 1398 2737 1438 ss.
2774 1373 3075 1441 Andreae
3138 1381 3204 1440 et

320 1478 618 1561 Gregorii
665 1484 732 1542 et
775 1477 1061 1541 scholam
1108 1478 1495 1561 piscatorum
1543 1478 1753 1561 stagni
1799 1476 1879 1541 de
1925 1483 2110 1561 parte
2157 1478 2445 1543 eiusdem
2492 1480 2700 1564 stagni
2748 1480 2976 1563 agitur.

700 1607 749 1643 v.
787 1588 932 1643 Mon.
970 1608 1040 1642 ss.
1077 1588 1333 1643 Andreae
1376 1591 1435 1643 et
1471 1587 1729 1659 Gregorii
1766 1587 1823 1642 in
1863 1588 2022 1644 Clivo
2059 1587 2253 1645 Scauri
2288 1608 2342 1643 n.
2371 1590 2417 1644 7.

1419 1864 1607 1933 Gens
1669 1863 2100 1931 crescentia.

1430 1977 1773 2048 (Stephania
1807 1977 2090 2047 senatrix.)

534 2121 634 2185 De
682 2120 1193 2185 Crescentiorum
1239 2119 1624 2205 genealogia
1670 2127 1737 2184 et
1782 2120 2032 2184 cuinam
2083 2141 2166 2184 ex
2195 2120 2505 2185 Romanis
2552 2121 2809 2185 familiis
2850 2120 3205 2206 Stephania

319 2229 431 2292 illa
477 2229 761 2293 senatrix
819 2227 1243 2292 adscribenda
1290 2229 1402 2308 sit,
1448 2228 1566 2290 viri
1611 2225 1783 2290 docti
1829 2225 2016 2290 valde
2080 2227 2246 2290 inter
2292 2247 2359 2290 se
2408 2224 2787 2290 dissentiunt
2833 2225 2944 2309 (cf.
2976 2226 3206 2290 Hiifler

319 2334 442 2396 Die
501 2332 851 2397 deutschen
913 2333 1154 2417 I'iipste
1200 2331 1233 2393 I
1280 2336 1403 2396 300
1430 2353 1558 2416 sq.;
1606 2330 1928 2395 Wilmans
1972 2330 2381 2396 Jahrbiicher
2428 2331 2618 2395 Ottos
2664 2329 2765 2394 III
2823 2352 2886 2415 p.
2920 2334 3045 2394 222
3071 2353 3205 2416 sq.;

320 2435 399 2499 G.
448 2437 521 2500 B.
586 2436 686 2501 De
754 2436 943 2500 Rossi
1013 2437 1075 2500 in
1143 2436 1406 2500 Bullett.
1475 2434 1540 2499 di
1608 2434 1888 2499 archeol.
1945 2435 2114 2499 crist.
2175 2434 2312 2499 Ser.
2352 2433 2386 2497 Ι
2443 2456 2500 2498 a.
2546 2433 2615 2497 II
2683 2433 2910 2520 (1864)
2966 2440 3046 2500 65
3073 2458 3200 2521 sq.;

321 2540 706 2604 Tomassotti
740 2540 805 2603 in
829 2538 1022 2605 Arch.
1051 2539 1221 2605 della
1246 2539 1390 2604 Soc.
1415 2540 1603 2604 Rom.
1630 2539 1729 2604 IX
1761 2538 1987 2623 (1886)
2022 2542 2101 2604 82
2128 2561 2257 2623 sq.;
2302 2538 2738 2623 Gregorovius
2772 2540 2799 2579 ⁴
2822 2538 2925 2602 111
2958 2544 3079 2604 345
3106 2562 3200 2625 sq.

322 2650 443 2708 363
471 2667 594 2730 sq.;
629 2645 970 2710 Duchesne
1002 2643 1142 2708 Lib.
1169 2643 1393 2728 pontif.
1420 2644 1489 2707 II
1522 2647 1646 2707 252
1675 2650 1806 2708 not.
1833 2642 1920 2728 2).
1981 2642 2348 2708 Verisimile
2381 2649 2597 2707 tamen
2622 2641 2891 2726 videtur,
2924 2643 3200 2728 Stepha-

317 2750 487 2813 niam
536 2770 820 2813 sororem
867 2748 1170 2813 Iohannis
1216 2748 1382 2813 XIII
1434 2748 1629 2813 fuisse
1687 2754 1756 2813 et
1805 2769 2075 2813 uxorem
2121 2747 2457 2813 Benedicti
2526 2748 2777 2812 comitis
2834 2746 3203 2813 Sabinensis

321 2876 403 2918 cx
448 2861 641 2938 gente
689 2853 1077 2920 Crescentia.

534 3009 838 3074 Iohannis
882 3009 1051 3075 XIII
1096 3009 1500 3095 privilegium
1546 3031 1660 3094 pro
1708 3008 2062 3094 Stephania
2107 3009 2421 3074 senatrice
2466 3006 2556 3094 (n.
2598 3008 2660 3094 1)
2706 3007 3006 3073 exstabat
3049 3006 3201 3073 olim

321 3116 383 3177 in
431 3116 821 3179 monasterio
867 3137 916 3179 s.
947 3116 1192 3180 Mariae
1239 3116 1305 3178 in
1349 3114 1740 3179 Monasterio
1787 3113 1896 3197 (cf.
1945 3135 2138 3198 supra
2182 3136 2244 3198 p.
2279 3112 2409 3198 48).
2499 3114 2852 3179 Praeterea
2895 3115 2958 3177 in
3005 3112 3201 3178 docu-

320 3221 550 3283 mentis
608 3219 1022 3284 Farfensibus
1075 3219 1315 3303 pluries
1372 3219 1725 3282 invenimus
1781 3219 2051 3283 comites
2109 3240 2192 3283 ex
2238 3219 2608 3284 Crescentia
2663 3220 2891 3303 stirpe,
2939 3224 3201 3282 conten-

320 3323 545 3387 dentes
592 3345 735 3388 cum
783 3323 1121 3387 abbatibus
1152 3322 1479 3387 Farfensis
1507 3323 1898 3405 monasterii,
1930 3323 2175 3387 scilicet
2205 3324 2412 3407 ipsum
2445 3323 2867 3388 Benedictum
2900 3323 3201 3386 comitem

319 3448 511 3509 super
580 3433 756 3491 curte
825 3451 873 3490 s.
919 3427 1206 3491 Gethulii
1275 3450 1491 3493 coram
1556 3428 1872 3513 Gregorio
1905 3430 1986 3512 V,
2056 3431 2193 3494 eius
2251 3429 2451 3493 filium
2513 3429 2951 3494 Crescentium
3012 3450 3204 3512 super

319 3538 528 3594 castro
561 3532 960 3595 Buckiniano
1008 3552 1221 3597 coram
1262 3532 1615 3598 Benedicto
1648 3532 1834 3615 VIII,
1882 3534 2047 3597 filios
2077 3534 2431 3598 Crescentii
2475 3533 2588 3596 filii
2630 3533 2964 3598 Octaviani
3012 3553 3204 3616 super
3318 3595 3333 3606 ,

321 3640 529 3697 castro
575 3634 852 3698 Tribuco
900 3657 1117 3700 coram
1162 3637 1385 3700 Leone
1416 3636 1516 3700 IX
1562 3644 1629 3702 et
1672 3637 1945 3701 Nicolao
1978 3637 2065 3702 H.
2159 3637 2342 3712 Quae
2388 3638 2602 3701 omnia
2648 3658 2762 3700 suo
2807 3636 2949 3701 loco
2997 3635 3201 3701 addu-

320 3759 537 3802 cemus
582 3738 726 3823 (sub
772 3739 1018 3824 Farfa).

323 3898 359 3955 1
2701 3896 2829 3958 970
2872 3894 2998 3958 dec.
3035 3897 3118 3957 17

319 3999 706 4066 Iohannes
751 3999 919 4064 XIII
986 4000 1378 4084 Stephaniae
1448 4003 1746 4067 senatrici
1809 4003 2075 4087 eiusque
2136 4002 2283 4066 filiis
2340 4023 2416 4067 ac
2469 3998 2836 4086 nepotibus:
2908 3998 3203 4063 concedit

321 4105 644 4168 civitatem
707 4105 1194 4170 Praenestinam
1252 4126 1396 4169 cum
1457 4108 1626 4170 omni
1692 4106 1949 4191 publica
2007 4106 2265 4172 datione
2329 4114 2396 4172 et
2441 4107 2798 4182 functione,
2845 4103 2960 4168 sub
3007 4123 3201 4167 censu

320 4229 531 4273 annuo
587 4214 658 4272 10
705 4231 838 4273 aur.
887 4209 1001 4273 sol.
1049 4246 1134 4254 —
1179 4209 1489 4284 Quotiens
1534 4211 1663 4275 illa.
1755 4211 1888 4276 Scr.
1938 4235 1998 4296 p.
2046 4232 2128 4276 m.
2177 4211 2488 4295 Stephani
2548 4211 2733 4276 scrin.
2782 4208 2846 4274 S.
2879 4208 2957 4272 R.
2990 4205 3089 4290 E„
3136 4207 3201 4269 in

319 4333 538 4377 mense
586 4335 729 4377 nov.
778 4320 843 4379 et
888 4313 1017 4378 ind.
1064 4336 1145 4377 ss.
1189 4320 1284 4379 14.
1361 4318 1401 4395 †
1446 4316 1595 4380 Dat.
1635 4319 1711 4380 16
1756 4315 1887 4379 kal.
1936 4317 2060 4380 ian.
2108 4338 2168 4401 p.
2215 4337 2299 4379 m.
2334 4315 2633 4379 Widonis
2677 4336 2780 4398 ep.
2829 4320 2896 4378 et
2948 4311 3100 4376 bibl.

320 4416 452 4480 sed.
500 4426 738 4501 apost.
785 4440 842 4483 a.
890 4426 1065 4503 pont.
1115 4419 1175 4484 d.
1222 4441 1282 4483 n.
1331 4442 1411 4484 ss.
1444 4420 1747 4484 Iohannis
1792 4420 1962 4484 XIII
2007 4442 2116 4505 pp.
2152 4426 2223 4502 6,
2286 4421 2441 4504 imp.
2484 4440 2543 4483 v.
2591 4419 2653 4483 d.
2699 4420 2896 4503 impp.
2946 4417 3201 4481 Ottonis

319 4523 579 4586 maioris
624 4543 768 4607 aug.
803 4527 862 4606 9,
909 4525 1170 4588 minoris
1216 4546 1273 4587 v.
1322 4524 1434 4588 filii
1481 4526 1619 4589 eius
1665 4529 1723 4609 3,
1772 4523 1900 4589 ind.
1949 4547 2030 4589 ss.
2074 4530 2166 4588 14.

527 4633 756 4687 Albinus
806 4633 891 4689 lib.
937 4634 1000 4688 X
1037 4642 1167 4690 c.63
1201 4638 1288 4704 (a
1322 4634 1496 4689 Uzomo
1527 4635 1847 4691 charticinio
1889 4635 2094 4690 bullato
2125 4636 2190 4689 in
2224 4651 2361 4690 mon.
2397 4652 2439 4691 s.
2468 4634 2687 4689 Mariae
2730 4634 2794 4687 in
2827 4631 3200 4699 Monasterio).

326 4718 547 4772 Oeneius
583 4719 703 4774 Lib.
726 4735 861 4774 cens.
899 4720 953 4774 S.
979 4720 1048 4776 R.
1069 4721 1140 4776 E.
1175 4738 1217 4776 c.
1245 4727 1346 4776 130
1380 4721 1524 4790 [alia
1558 4722 1890 4794 apoyrapha,
1927 4738 2064 4790 quae
2098 4723 2283 4777 omnia
2315 4738 2381 4777 a
2406 4721 2598 4777 Genucio
2629 4725 2840 4789 sumpta
2873 4723 3017 4786 sumt,
3043 4734 3199 4788 prae-

319 4805 586 4875 terimusJ.
632 4836 698 4844 —
747 4805 890 4860 Edd.
933 4807 1212 4861 Mun-aton·
1247 4808 1433 4877 Antiq.
1473 4809 1581 4862 ΙΙΙ
1606 4815 1698 4864 235
1735 4832 1800 4854 =
1838 4809 2025 4878 Miffltc
2065 4808 2362 4863 CXXXV
2391 4815 2493 4864 982
2526 4825 2581 4861 n.
2610 4815 2687 4863 18.
2760 4806 2983 4861 Geccom'
3017 4805 3203 4860 Storia

318 4891 375 4943 di
429 4891 735 4945 Palestrina
773 4911 831 4960 1²·
870 4900 968 4947 227
1007 4911 1062 4948 n.
1089 4902 1131 4948 1.
1193 4894 1403 4948 Petrim‘
1430 4895 1586 4949 Mem.
1613 4895 1925 4950 Premtine
1952 4912 2012 4964 p.
2041 4901 2139 4949 394
2176 4912 2230 4950 n.
2256 4904 2289 4949 4
2324 4894 2415 4963 (cf.
2437 4912 2493 4962 p.
2524 4901 2617 4949 103
2633 4897 2748 4962 sq).
2825 4893 3041 4946 Marini
3066 4893 3201 4960 Pap.

318 4978 441 5044 dipl.
478 4995 530 5045 p.
555 4987 617 5032 54
655 4997 709 5033 n.
738 4986 818 5033 32.
909 4979 1140 5033 Theincr
1179 4979 1300 5035 cod.
1336 4980 1468 5049 dipl.
1500 4980 1636 5036 dom.
1674 4987 1823 5048 temp.
1866 4982 1898 5035 1
1927 4990 1961 5036 6
1995 4999 2050 5036 n.
2074 4990 2120 5037 5.
2192 4980 2674 5036 Fame-Duchesne
2714 4980 2750 5033 Ι
2777 4987 2891 5034 406.
2930 5011 2996 5019 —
3046 4979 3199 5049 Rem.

323 5065 670 5133 Grcym‘ovius
700 5070 719 5100 ⁴
741 5066 854 5119 ΙΙΙ
870 5073 969 5121 360
1002 5072 1113 5122 not.
1147 5077 1189 5121 1.
1225 5067 1279 5122 J.
1318 5074 1469 5123 2870.
1541 5068 1658 5125 JL.
1698 5077 1847 5124 3742.

697 5162 764 5215 cf.
793 5161 1031 5230 Latium,
1068 5161 1399 5217 Palestrina.
