4065 6049
1595 533 1744 597 Eccl.
1779 560 1822 598 s.
1847 533 2130 598 Praxedis.
3221 544 3299 615 51

417 711 453 751 ο
3020 758 3103 767 ..—

417 714 660 881 P2asch
675 817 825 881 alis
870 818 902 880 I
956 820 1265 883 construit
1309 819 1689 885 coenobium
1734 843 1783 885 s.
1816 821 2166 906 praxedis,
2221 823 2287 886 in
2332 843 2458 907 quo
2504 721 3307 910 Graeoomnifflezngffilga-

418 922 656 987 tionem
701 921 1076 1000 introducit;
1123 924 1390 1008 praedia
1436 932 1504 990 et
1545 928 2020 1010 possessionum
2066 926 2209 991 loca
2251 926 2497 991 urbana
2540 926 2645 991 vel
2689 927 2923 992 rustica
2969 927 3149 992 ditat.

627 1031 807 1086 Laud.
843 1032 908 1087 in
944 1032 1069 1088 Vua
1103 1033 1384 1089 Paschalis
1422 1036 1456 1090 1
1485 1036 1633 1105 (Lib.
1649 1037 1858 1107 pontif.
1896 1037 1976 1093 od.
2012 1038 2294 1094 Dudum
2327 1038 2520 1104 1154).
2558 1067 2625 1077 -
2664 1036 2797 1107 Req.
2831 1036 2943 1094 JE.
2982 1069 3063 1093 —.

415 1204 497 1269 *3
1834 1232 1839 1237 ·
3023 1214 3189 1276 1109

413 1309 822 1375 Paschalis
865 1309 935 1375 H
979 1319 1329 1398 praecepto
1385 1319 1452 1378 et
1504 1314 1886 1380 auctoritate
1945 1315 2439 1399 interveniente,
2496 1316 2845 1381 transactio
2901 1214 3068 1381 intgr
3109 1215 3306 1381 Ni)co-

413 1413 588 1479 laum
643 1413 788 1479 abb.
846 1415 1044 1500 (mon.
1091 1437 1141 1479 s.
1181 1417 1426 1482 Mariae
1481 1417 2056 1504 Oriptaeferratae)
2126 1426 2192 1484 et
2247 1418 2611 1484 Romanum
2670 1420 2842 1484 card.
2897 1442 2947 1484 s.
2990 1421 3307 1486 Praxedis

413 1539 533 1602 per
587 1518 757 1583 illius
813 1520 1113 1598 curiales,
1170 1519 1437 1585 Petrum
1491 1520 1798 1586 Portuen.
1860 1542 1999 1607 ep.‚
2055 1522 2413 1588 Robertum
2458 1523 2631 1588 card.
2679 1546 2729 1587 s.
2770 1523 3069 1609 Eusebii‚
3126 1524 3303 1589 Ana-

412 1623 677 1686 stasium
723 1623 894 1688 card.
941 1646 990 1688 s.
1025 1623 1374 1689 Clementis
1420 1624 1729 1710 aliosque,
1777 1624 2075 1691 definitur
2117 1625 2205 1711 (a.
2238 1633 2414 1712 pont.
2448 1628 2585 1692 eius
2635 1626 2762 1713 10).

622 1734 805 1790 Laud.
841 1734 904 1788 in
935 1751 992 1790 n.
1016 1743 1064 1791 σ.
1101 1768 1167 1777 -
1208 1734 1336 1805 Βῳ.
1374 1735 1480 1793 JL.
1517 1766 1601 1792 —.

412 1891 491 1954 *4
2815 1897 3220 1980 (1143—44)

412 1995 854 2061 Gelestinus
900 1996 973 2062 11
1018 1998 1316 2064 concedit
1359 2005 1427 2064 et
1469 1998 1748 2064 restituit
1793 1995 2182 2086 [ecclesiam]
2229 2000 2294 2063 in
2339 2000 2481 2065 loco
2528 2021 2590 2085 q.
2624 1999 2686 2064 d.
2731 1998 3027 2065 Bobium.

624 2107 806 2162 Laud.
840 2108 905 2161 in
937 2125 993 2162 n.
1018 2117 1101 2166 14.
1139 2141 1203 2151 —
1242 2110 1373 2180 Ray.
1410 2110 1519 2166 JL.
1559 2140 1640 2168 —.

411 2263 493 2326 *5
2853 2268 3190 2330 1144-45

411 2368 694 2433 Lucius
738 2369 808 2434 Π
853 2370 1187 2437 confirmat
1229 2373 1697 2438 restitutionem
1743 2373 1981 2438 factam
2028 2395 2069 2437 a
2112 2372 2439 2438 celestino
2485 2372 2554 2435 II
2599 2374 2691 2453 (n.
2724 2269 2857 2456 4).(
3183 2270 3221 2351 )

623 2480 808 2536 Laud.
845 2481 906 2535 in
938 2498 995 2539 n.
1022 2490 1100 2539 14.
1140 2513 1201 2523 -
1244 2483 1370 2553 Ray.
1408 2484 1522 2541 JL.
1559 2516 1643 2539 -.

414 2638 457 2700 6
2738 2642 2907 2704 1148
2947 2660 3035 2704 au
3075 2689 3090 2705 .
3136 2642 3221 2703 30

411 2741 750 2807 Conradus
794 2741 1091 2809 Savinen.
1140 2765 1242 2830 ep.
1290 2751 1357 2810 et
1400 2744 1740 2831 Eugenii
1785 2748 1891 2812 III
1934 2749 2211 2812 vicarius
2274 2745 2516 2811 decidit
2565 2744 2745 2809 litem
2792 2745 2957 2809 inter
3002 2661 3308 2809 egelesias

410 2868 460 2909 s.
495 2846 803 2911 Iohannis
847 2855 996 2913 ante
1028 2854 1280 2933 portam
1310 2850 1609 2915 Latinam
1655 2857 1721 2916 et
1766 2874 1815 2916 s.
1847 2851 2166 2917 Praxedis
2213 2871 2294 2915 ex
2325 2871 2452 2916 una
2497 2854 2564 2914 et
2594 2848 2934 2913 ecclesiam
2979 2870 3029 2911 s.
3062 2848 3307 2912 Mariae

409 2949 960 3037 Criptaeferratae
1013 2973 1095 3017 ex
1159 2961 1343 3039 parte
1398 2955 1603 3021 altera
1659 2977 1852 3042 super
1897 2955 2145 3021 duabus
2190 2953 2480 3041 partibus
2525 2953 2840 3018 ecclesiae
2885 2973 2935 3015 s.
2968 2951 3305 3016 Primitivi.

794 3080 845 3117 v.
883 3063 1138 3119 chartam
1174 3082 1209 3120 a
1235 3063 1471 3120 Nicolao
1494 3065 1655 3120 scrin.
1690 3065 1742 3120 S.
1770 3066 1833 3121 R.
1861 3066 1920 3121 E.
1958 3065 2351 3136 conscriptam,
2379 3081 2547 3134 quam
2576 3064 2700 3120 edd.
2726 3063 2967 3119 Galletti
2992 3063 3095 3118 Del
3121 3063 3308 3134 primi·

623 3164 750 3203 cero
798 3167 855 3219 p.
889 3150 994 3206 304
1040 3168 1094 3206 n.
1121 3150 1190 3205 56
1235 3154 1296 3206 et
1340 3150 1543 3207 Fedele
1591 3170 1645 3207 n.
1669 3153 1740 3207 24
1775 3153 1864 3219 (ex
1909 3152 2061 3207 arch.
2098 3171 2140 3206 ε.
2180 3150 2483 3219 praxedis).
2528 3180 2595 3190 -—
2649 3150 2822 3221 Regg.
2858 3150 3199 3206 Tomassetti
3248 3150 3308 3203 in

619 3235 784 3292 Arch.
822 3235 974 3291 della
1006 3235 1130 3292 Soc.
1169 3237 1325 3292 Rom.
1352 3237 1484 3292 VIII
1508 3238 1613 3295 490
1649 3255 1702 3294 n.
1732 3240 1812 3294 15.
1884 3238 2115 3294 Hnbner
2148 3237 2533 3294 Gerichtsurk.
2570 3237 2804 3292 n.1667.
2840 3235 2936 3292 JL.
2976 3267 3057 3294 —.

417 3397 462 3456 7
2583 3392 2773 3476 Sequi
2819 3393 2988 3457 1151
3031 3399 3146 3459 oct.
3181 3398 3220 3457 1

409 3484 811 3580 Eug'enius
854 3496 981 3582 111,
1026 3497 1472 3583 praesentibus
1515 3498 1819 3565 Ariberto
1865 3500 1960 3565 tit.
2009 3522 2059 3565 s.
2092 3499 2510 3585 Anastasiae,
2555 3497 2720 3563 Iulio
2769 3498 2862 3562 tit.
2910 3519 2959 3562 s.
2993 3496 3305 3579 Marcelli,

407 3599 750 3666 Bernardo
811 3602 905 3667 tit.
960 3624 1008 3667 s.
1043 3601 1427 3685 Clementis,
1479 3601 1778 3668 Rolando
1837 3605 1932 3670 tit.
1981 3627 2029 3668 s.
2063 3603 2267 3671 Marci
2310 3611 2507 3689 atque
2553 3601 2871 3687 Gregorio
2919 3601 3082 3666 diac.
3129 3600 3303 3666 card.

408 3726 459 3768 s.
507 3704 750 3791 Angeli
810 3711 876 3769 et
933 3704 1223 3772 Iohanne
1285 3729 1333 3773 s.
1380 3707 1627 3773 Mariae
1670 3708 1925 3792 Novae,
1985 3707 2283 3774 Guidone
2344 3731 2393 3773 s.
2449 3707 2695 3772 Mariae
2760 3705 2841 3771 de
2910 3705 3171 3771 Portico
3240 3713 3306 3770 et

409 3808 706 3875 Iohanne
763 3831 845 3873 ss.
877 3808 1086 3896 Sergii
1146 3817 1212 3875 et
1267 3810 1501 3895 Bachi,
1561 3811 1800 3877 decidit
1859 3833 2119 3878 causam
2177 3813 2344 3877 inter
2401 3810 2739 3877 ecclesiam
2794 3833 2842 3874 s.
2876 3807 3195 3874 Praxedis
3238 3813 3307 3872 et

408 3912 760 3978 ecclesiam
817 3935 867 3979 s.
900 3914 1123 3981 Crucis
1180 3915 1261 3981 de
1322 3917 1723 3982 restitutione
1780 3919 2200 4003 possessionis
2254 3918 2445 3982 trium
2506 3917 2821 4001 petiarum
2881 3920 3194 3979 terrarum
3239 3912 3305 3976 in

408 4014 613 4080 fundo
678 4016 977 4102 Pompeii
1033 4018 1151 4083 sub
1203 4020 1464 4105 proprio
1522 4020 1835 4086 vocabulo
1896 4020 2001 4085 Ad
2060 4028 2299 4086 turrem
2362 4021 2497 4086 sine
2553 4020 2764 4104 fonte,
2827 4016 3304 4101 condempnans

407 4119 781 4185 Gnidonem
812 4141 1195 4204 yconomum
1225 4122 1381 4187 eccl.
1415 4145 1464 4188 s.
1497 4122 1739 4190 Crucis.
1813 4125 2146 4209 Praecipit
2173 4124 2446 4189 Nicolao
2478 4125 2893 4190 Benencasae
2928 4121 3008 4187 de
3039 4122 3305 4207 regione

407 4224 680 4308 Pineae,
725 4231 798 4289 ut
839 4225 1107 4291 Petrum
1151 4246 1533 4311 yconomum
1579 4250 1628 4294 s.
1660 4228 1977 4294 Praxedis
2021 4230 2340 4295 investiat.
2396 4265 2482 4275 —
2535 4227 2667 4293 Scr.
2716 4247 2799 4292 ex
2843 4232 3194 4312 praecepto
3240 4224 3302 4288 d.

408 4350 519 4413 pp.
569 4327 655 4392 ab
702 4328 975 4395 Oddone
1021 4331 1205 4395 scrin.
1238 4329 1302 4397 S.
1336 4329 1414 4397 R.
1446 4331 1521 4396 E.

630 4438 688 4494 B
705 4454 838 4495 naec.
865 4439 1008 4496 XII.
1030 4472 1095 4482 -·
1115 4439 1221 4496 Ed.
1245 4441 1428 4496 Fodele
1447 4458 1503 4496 n.
1523 4448 1585 4498 25
1610 4457 1676 4496 ατ
1699 4442 1770 4497 Β.
1821 4441 1981 4499 Face.
2005 4443 2071 4497 in
2087 4443 2248 4498 Arch.
2265 4442 2382 4513 pal.
2407 4441 2525 4497 ital.
2546 4440 2619 4496 II
2629 4441 2733 4498 tab.
2753 4448 2823 4497 71.
2852 4470 2914 4481 --
2943 4439 3067 4509 Ray.
3092 4438 3200 4495 JL.
3221 4469 3303 4493 -.

405 4612 490 4677 *8
2848 4612 3189 4677 1145-53
3250 4611 3269 4636 ’

407 4717 804 4803 Eugenius
846 4717 952 4784 111
995 4719 1329 4786 confirmat
1372 4721 1838 4787 restitutionem
1884 4720 2122 4785 factam
2168 4741 2207 4784 a
2250 4719 2575 4785 Celestino
2614 4718 2683 4783 II
2724 4616 2912 4801 (n.(4.
2947 4718 3036 4801 5).
3180 4615 3218 4695 )

623 4829 809 4886 Laud.
843 4830 907 4885 c„
938 4847 994 4885 n.
1022 4839 1099 4887 ιι.
1135 4861 1204 4871 -
1239 4831 1367 4901 Ray.
1394 4831 1504 4888 JL.
1546 4863 1625 4888 -.

2746 4984 2917 5049 1153
2958 5005 3044 5049 au
3087 5035 3101 5048 .
3131 4985 3218 5049 29

406 4989 486 5156 In
531 5093 903 5178 praesentia
944 5093 1342 5157 Anastasii
1385 5093 1482 5159 IV
1526 5099 1596 5159 et
1638 5092 2059 5158 cardinalium
2099 5090 2397 5178 Gregorii
2442 5092 2539 5157 tit.
2571 5090 2815 5174 Galisti,
2861 5006 3160 5153 Widoynis
3204 5089 3300 5153 tit.

405 5220 458 5261 s.
492 5196 864 5282 Crisogoni,
918 5196 1179 5262 Iordani
1224 5197 1320 5261 tit.
1368 5219 1418 5262 s.
1459 5196 1817 5277 Susannae,
1864 5197 2171 5262 Iohannis
2214 5195 2574 5283 Paparonis
2619 5196 2713 5260 tit.
2770 5216 2819 5258 s.
2862 5194 3192 5259 Laurentii
3237 5194 3301 5256 in

409 5301 761 5385 Damasco,
807 5300 1112 5365 Iohannis
1156 5302 1253 5365 tit.
1305 5323 1386 5365 ss.
1433 5302 1689 5366 Martini
1737 5307 1805 5367 et
1847 5301 2139 5367 Silvestri
2195 5307 2263 5366 et
2319 5301 2624 5365 Iohannis
2677 5297 3088 5382 Neapolitani
3134 5296 3296 5361 diac.

2924 5418 2988 5471 4*
