4065 6049
762 517 846 578 20
2117 501 2308 555 Roma.

1549 747 1908 816 ostiarius
1954 762 2012 813 s.
2045 741 2553 812 LateranensIs
2601 739 2883 824 palatii.

982 911 1084 977 De
1139 910 1415 975 ostiariis
1474 907 1929 974 Lateranensis
1983 905 2207 990 palatii
2264 902 2344 967 cf.
2401 903 2762 965 iuramenta
2814 899 2876 961 in
2923 895 3144 960 Albini
3189 895 3301 960 lib.
3344 894 3446 959 XI
3490 916 3545 960 c.
3579 897 3660 957 44

773 1023 838 1082 et
882 1018 947 1081 in
992 1015 1211 1081 Oencii
1259 1012 1402 1078 Lib.
1450 1034 1618 1078 cens.
1667 1033 1720 1076 c.
1761 1014 1879 1075 158
1926 1007 2104 1094 (edd.
2152 1007 2459 1072 Muratori
2506 1004 2728 1088 Antiq.
2763 1002 2796 1065 I
2834 1005 2991 1077 1213
3048 999 3662 1065 Fabre-Duohesne

772 1120 804 1184 Ι
836 1118 1012 1205 419).
1089 1117 1284 1203 Apud
1330 1115 1639 1181 Albinum
1683 1115 1959 1201 legimus
2004 1111 2379 1177 mandatum
2426 1109 2699 1174 Bosonis
2745 1106 3082 1171 camerarii
3135 1124 3346 1190 papae
3393 1126 3452 1168 a.
3500 1105 3663 1168 1158

772 1224 912 1289 dec.
953 1226 1034 1287 22
1092 1229 1158 1287 et
1212 1220 1384 1306 apud
1439 1220 1747 1286 Oeneium
1802 1217 1979 1282 aliud
2035 1214 2411 1280 mandatum
2456 1212 2676 1278 Oencii
2736 1210 3075 1276 camerarii
3121 1231 3179 1274 a.
3220 1210 3383 1273 1188
3429 1208 3556 1272 ian.
3582 1209 3663 1270 22

769 1328 1048 1392 ostiariis
1100 1326 1326 1410 palatii
1381 1325 1747 1408 iniungens,
1802 1330 1873 1386 ut
1927 1322 2094 1385 ostia
2146 1318 2426 1385 fideliter
2479 1315 2845 1382 custodiant
2889 1312 2999 1398 (cf.
3049 1315 3247 1379 etiam
3292 1309 3518 1397 Giorgi
3565 1311 3667 1376 De

770 1433 1032 1518 liturgia
1075 1430 1265 1495 Rom.
1315 1436 1490 1514 pont.
1525 1428 1591 1491 II
1639 1449 1702 1512 p.
1737 1425 1898 1491 0111
1929 1426 2074 1511 sq.).

986 1620 1323 1688 Benedicti
1369 1619 1539 1685 VIII
1584 1617 1991 1703 privilegium
2034 1616 2307 1681 Iohanni
2352 1615 2616 1679 ostiario
2663 1636 2713 1677 s.
2744 1612 3200 1678 Lateranensis
3246 1608 3472 1695 palatii
3518 1629 3668 1675 con-

773 1748 1051 1813 cessum,
1105 1727 1262 1790 olim
1309 1727 1371 1789 in
1418 1724 1676 1788 archivo
1733 1723 2183 1788 canonicorum
2237 1719 2800 1801 Lateranensium,
2853 1718 3052 1783 etiam
3108 1723 3245 1780 tum
3299 1736 3469 1781 saec.
3505 1713 3670 1780 XVI

776 1834 842 1897 in
900 1832 1159 1898 archivo
1218 1829 1410 1895 castri
1468 1852 1516 1891 s.
1570 1826 1809 1913 Angeli
1866 1824 2391 1908 conservabatur,
2448 1830 2613 1889 teste
2669 1820 2956 1887 Zanobio
3011 1819 3413 1904 Acciajuolio
3471 1816 3672 1904 (apud

775 1937 1192 2003 Montfaucon
1221 1932 1388 1998 Bibl.
1431 1930 1583 1997 bibl.
1617 1930 1651 1994 I
1681 1932 1827 1994 202.
1862 1933 1987 1994 213
2022 1936 2089 1994 et
2132 1951 2191 1994 v.
2222 1929 2453 1995 Aretin
2483 1928 2808 2012 Beytrage
2853 1925 2924 1990 II
2946 1934 2975 1965 ⁸
3006 1929 3114 2002 74;
3163 1924 3233 1988 Π
3259 1925 3285 1964 ¹²
3318 1923 3450 2008 55).
3527 1921 3671 1996 Quo

780 2049 1071 2126 tempore
1118 2038 1202 2103 ad
1248 2036 1577 2102 archivum
1624 2035 2076 2100 canonicorum
2123 2033 2657 2099 Lateranensium
2694 2029 2989 2097 Faesulis
3035 2028 3419 2110 transiverit,
3463 2027 3672 2092 nesci-

777 2166 938 2209 mus.
1006 2142 1225 2208 Hodie
1273 2148 1487 2208 exstat
1529 2142 1698 2205 inter
1741 2138 2093 2204 eorundem
2142 2138 2398 2203 chartas
2442 2138 2507 2200 in
2537 2135 2617 2201 R.
2652 2134 2911 2200 archivo
2942 2131 3317 2198 Florentino
3351 2129 3459 2216 (cf.
3493 2129 3672 2195 Gott.

778 2248 1015 2314 Nachr.
1053 2250 1218 2312 1900
1263 2268 1325 2331 p.
1365 2251 1483 2310 115
1530 2251 1662 2309 not.
1701 2244 1785 2329 1).

991 2377 1044 2430 A
1091 2399 1156 2421 =
1193 2374 1346 2444 Orig.
1386 2373 1615 2429 Firenze
1654 2372 1817 2427 Arch.
1857 2371 1913 2426 di
1952 2376 2105 2427 stato
2141 2369 2521 2439 (Rocchettini
2561 2367 2619 2422 di
2659 2366 2915 2435 Fiesole).

784 2513 822 2572 1
3239 2502 3412 2567 1017
3452 2501 3590 2567 iun.

783 2611 1255 2677 Benedictus
1285 2611 1455 2675 VIII
1503 2610 1774 2674 Iohanni
1814 2631 1872 2673 v.
1915 2632 1998 2673 m.
2043 2610 2303 2673 ostiario
2347 2632 2395 2672 s.
2437 2610 2822 2674 Lateranen.
2857 2607 3082 2690 palatii
3115 2611 3311 2692 atque
3340 2604 3678 2670 Romanae

785 2715 847 2780 h.
882 2716 925 2780 f.
974 2716 1229 2800 coniugi
1261 2722 1412 2780 etc.:
1461 2714 1758 2779 concedit
1795 2735 1910 2798 pro
1960 2734 2182 2778 eorum
2214 2711 2588 2778 fidelissimo
2636 2712 2895 2777 servitio
2930 2717 3169 2777 terram
3213 2716 3551 2775 vacantem
3597 2707 3681 2772 ad

788 2818 1050 2883 domum
1097 2817 1459 2883 faciendam
1507 2839 1643 2902 pos.
1691 2818 1872 2882 iuxta
1916 2817 2250 2882 basilicam
2297 2816 2358 2881 b.
2400 2817 2706 2881 Iohannis
2752 2815 2928 2900 bapt.
2978 2816 3042 2877 in
3096 2813 3238 2878 loco
3287 2837 3348 2899 q.
3393 2812 3455 2877 d.
3511 2811 3681 2877 Con-

790 2920 1069 2987 stabblia
1127 2922 1456 3003 domnica,
1514 2920 1632 2985 sub
1678 2922 1986 3006 pensione
2031 2921 2216 2985 unius
2278 2920 2543 2985 denarii.
2611 2958 2695 2966 -
2764 2919 3077 2994 Quotiens
3133 2917 3266 2981 illa.
3314 2916 3447 2982 Sor.
3496 2938 3559 3001 p.
3598 2937 3683 2979 m.

788 3028 1026 3092 Leonis
1079 3035 1209 3092 not.
1258 3048 1393 3112 reg.
1442 3033 1509 3092 et
1566 3027 1751 3091 scrin.
1800 3050 1849 3090 s.
1909 3026 2082 3091 sedis
2138 3034 2376 3110 apost,
2429 3048 2514 3090 m.
2563 3027 2689 3090 iun.
2748 3031 2813 3089 et
2871 3021 3000 3088 ind.
3044 3027 3151 3104 15,
3205 3043 3265 3086 a.
3310 3018 3454 3085 Deo
3501 3041 3685 3104 prop.

789 3139 965 3215 pont.
1013 3130 1073 3195 d.
1119 3153 1181 3194 n.
1228 3128 1565 3195 Benedicti
1614 3153 1693 3194 ss.
1742 3139 1918 3214 pont.
1967 3139 2034 3194 et
2078 3131 2250 3194 uniV.
2275 3130 2445 3195 VIII
2489 3152 2597 3215 pp.
2646 3131 2709 3193 in
2757 3150 2915 3193 sacr.
2964 3127 3118 3193 sede
3167 3127 3226 3191 b.
3261 3126 3441 3192 Petri
3489 3147 3592 3209 ap.
3627 3130 3687 3208 6,

792 3237 947 3320 imp.
980 3234 1040 3298 d.
1074 3256 1134 3299 n.
1175 3235 1349 3319 piiss.
1384 3256 1490 3319 pp.
1524 3255 1669 3319 aug.
1702 3233 2010 3299 Heinrico
2061 3257 2099 3299 a
2128 3234 2271 3300 Deo
2321 3256 2448 3300 cor.
2495 3255 2730 3320 magno
2778 3234 2931 3317 imp.
2965 3253 3022 3297 a.
3057 3236 3117 3313 4,
3165 3230 3293 3296 ind.
3340 3254 3422 3295 sS.
3457 3230 3686 3311 †Boso

701 3388 707 3394 .
792 3339 918 3404 Dei
962 3361 1056 3425 gr.
1104 3359 1206 3423 ep.
1256 3347 1322 3403 et
1366 3336 1517 3402 bibl.
1571 3360 1620 3402 s.
1668 3346 1873 3423 apost.
1922 3338 2112 3404 sedis.

1001 3467 1070 3522 A.
1108 3495 1173 3506 -
1212 3465 1321 3521 Ed.
1369 3465 1631 3536 Gioryctti
1663 3467 1726 3520 in
1762 3465 1926 3520 Arcb.
1972 3471 2097 3520 διον.
2142 3465 2256 3521 ital.
2297 3465 2413 3521 Ser.
2450 3465 2502 3520 V
2538 3471 2575 3522 t.
2625 3464 2725 3520 XI
2758 3465 2934 3534 (1893)
2980 3470 3081 3518 104
3130 3478 3195 3518 ex
3231 3464 3299 3517 A.
3339 3493 3404 3502 —
3447 3461 3573 3531 Ray.
3622 3460 3692 3515 N.

796 3554 1000 3608 Archiv
1025 3552 1187 3607 XIX
1217 3559 1316 3609 257
1344 3570 1400 3607 n.
1425 3560 1511 3608 45.
1548 3552 1655 3608 JL.
1690 3584 1775 3606 —.

1178 3665 1384 3720 Locum
1418 3682 1473 3734 q.
1503 3664 1555 3720 d.
1582 3663 1953 3720 Constabblia
1995 3662 2256 3719 domnica
2291 3662 2405 3718 iam
2438 3680 2583 3718 saec.
2609 3662 2689 3716 XI
2725 3665 2786 3719 et
2819 3663 2926 3717 XII
2965 3661 3219 3719 canonici
3255 3663 3527 3720 basilicae
3554 3663 3692 3720 Con-

1005 3751 1389 3809 stantinianae
1426 3750 1809 3822 possederunt,
1847 3753 1913 3806 ut
1949 3753 2172 3806 constat
2209 3767 2276 3806 ex
2303 3749 2501 3805 Leonis
2527 3748 2604 3802 IX
2647 3748 2964 3821 privileg-im
3001 3767 3111 3820 quo
3148 3749 3230 3806 eis
3265 3751 3490 3806 domum
3526 3768 3694 3806 unam

1007 3839 1323 3909 presbyteri
1360 3839 1516 3894 Petri
1551 3856 1605 3908 q.
1644 3854 1770 3907 pon.
1807 3837 1867 3891 in
1905 3836 2160 3892 Stabello
2206 3855 2332 3891 cum
2375 3836 2584 3893 oleorio
2620 3835 2901 3892 dominico
2946 3836 3220 3892 concessit
3252 3837 3307 3908 (J
3311 3837 3368 3892 L.
3405 3837 3592 3906 4320),
3639 3842 3697 3892 et

1013 3943 1081 3980 ex
1116 3924 1404 3980 Anastasii
1431 3925 1509 3979 IV
1549 3923 1862 3994 privilegio,
1900 3940 2010 3992 quo
2049 3922 2188 3993 ipsis
2225 3922 2512 3978 canonicis
2547 3922 2891 3990 suburbium,
2928 3923 3079 3993 quod
3113 3929 3202 3980 est
3236 3923 3389 3980 circa
3427 3922 3696 3979 Constan-

1009 4009 1289 4067 tinianam
1314 4009 1608 4067 basilicam
1634 4011 1693 4066 in
1718 4009 1971 4066 Stabello
1995 4009 2158 4066 iuxta
2179 4027 2398 4065 sacrum
2425 4008 2720 4079 palatium,
2758 4028 2886 4065 cum
2910 4009 3166 4067 domibus
3194 4028 3334 4081 quas
3359 4010 3441 4066 ibi
3466 4011 3699 4074 habent,

1009 4098 1358 4154 confirmavit
1395 4097 1511 4165 (JL.
1547 4098 1723 4166 9906).
1795 4097 2056 4152 Fortasse
2092 4114 2205 4151 una
2240 4114 2307 4152 ex
2345 4096 2435 4151 his
2473 4095 2730 4152 domibus
2766 4097 2869 4152 illa
2904 4097 3041 4164 fuit,
3091 4114 3260 4167 quam
3300 4097 3577 4153 lohannes
3614 4097 3702 4151 vir

1010 4183 1336 4255 magnificus
1371 4184 1660 4241 exstruxit.

1868 4471 2199 4548 URBIS
2253 4471 2643 4548 ROMAE

1450 4593 2064 4670 ECCLESIAE
2119 4595 2249 4668 ET
2304 4593 3054 4670 MONASTERIA.

1016 4760 1295 4832 Onuphrii
1343 4760 1656 4817 Panvinii
1717 4761 1799 4817 De
1857 4761 2183 4833 praecipuis
2240 4763 2394 4817 urbis
2454 4762 2664 4819 Romae
2723 4761 3210 4831 sanctioribusque
3240 4760 3513 4817 'basilicis
3565 4778 3706 4831 quas

810 4850 1027 4918 septem
1052 4847 1319 4904 ecclesias
1344 4848 1514 4920 vulgo
1539 4853 1745 4905 vocant
1770 4848 1945 4905 liber¹
1970 4849 2201 4918 (Romae
2229 4850 2388 4913 1570;
2433 4848 2627 4906 italice
2651 4849 2736 4907 ed.
2761 4849 2838 4906 M.
2855 4850 2921 4904 A.
2943 4848 3283 4905 Laustanchi
3308 4848 3510 4918 (Roma
3531 4849 3705 4918 1570).

812 4933 994 5003 [Alias
1018 4932 1292 4989 editiones
1316 4933 1714 5003 praeterimu83
1752 4936 1820 4991 cf.
1848 4934 2037 4991 Perini
2063 4935 2292 4991 Onofrio
2318 4936 2590 4992 Panvinio
2615 4954 2645 4993 e
2671 4937 2726 4992 le
2749 4954 2847 4992 sue
2872 4954 3040 5007 opere
3066 4935 3264 5005 (Roma
3291 4936 3447 5005 1899)
3484 4955 3539 5007 p.
3564 4936 3708 5006 2111.

813 5051 879 5060 —
917 5019 980 5076 Ο.
1005 5020 1129 5075 Pan
1143 5018 1311 5074 vinii
1346 5019 1595 5076 Schedae
1638 5022 1706 5077 de
1741 5021 1993 5078 ecclesiis
2028 5021 2184 5077 urbis
2227 5023 2451 5089 Romae,
2488 5041 2529 5078 s.
2557 5023 2705 5090 XVI,
2742 5023 2900 5079 codd.
2928 5022 3058 5079 Vat.
3100 5023 3200 5078 lat.
3243 5021 3396 5079 6780.
3440 5021 3574 5077 6781
3614 5022 3707 5088 (cf.

814 5106 970 5162 Gott.
1006 5105 1213 5161 Nachr.
1242 5106 1376 5162 1903
1403 5125 1456 5177 p.
1486 5107 1593 5176 18).
1632 5139 1697 5148 -
1734 5107 1809 5163 M.
1835 5108 2030 5164 Attilii
2069 5108 2347 5164 Serrani
2383 5108 2464 5163 De
2499 5112 2717 5179 septem
2743 5108 2913 5164 Urbis
2937 5107 3189 5165 ecclesiis
3216 5111 3232 5142 ¹
3271 5107 3503 5175 (Romae
3531 5108 3710 5177 1575);

817 5197 839 5229 ¹
860 5191 1146 5264 (Coloniae
1191 5193 1360 5263 1600).
1418 5225 1479 5234 —
1538 5195 1781 5266 Pompeo
1818 5194 2083 5264 Ugonio
2121 5193 2371 5250 Historia
2412 5194 2558 5251 delle
2598 5196 2835 5252 stationi
2871 5196 2928 5251 di
2971 5197 3150 5252 Roma
3187 5197 3274 5264 (In
3316 5196 3494 5252 Roma
3536 5198 3710 5269 1588).

819 5311 883 5320 -
940 5280 1173 5337 Ottavio
1229 5280 1572 5336 Panciroli
1628 5281 1820 5338 Tesori
1876 5283 2119 5339 nascosti
2174 5284 2302 5339 dell'
2359 5285 2512 5341 alma
2565 5285 2711 5344 citta
2765 5285 2823 5339 di
2877 5282 3056 5339 Roma
3085 5287 3102 5318 ¹
3159 5284 3245 5352 (In
3299 5288 3475 5344 Roma
3532 5291 3714 5361 1600);
