4065 6049
1456 516 1603 574 Eccl.
1641 537 1683 574 s.
1710 514 2073 590 Chrysogoni.
3088 515 3206 585 125

532 697 952 761 Monumenta
998 694 1266 778 antiqua
1311 695 1658 778 perierunt.
1750 692 1881 758 Sed
1927 695 2261 759 etiamtum
2309 713 2476 757 saec.
2509 692 2743 758 XVHI
2787 713 2890 758 ex.
2940 695 3206 759 exstite-

317 808 463 865 runt
529 800 655 865 duo
723 800 1062 885 privilegia
1118 798 1359 862 Calixti
1404 797 1472 861 11
1537 797 1624 883 (n.
1662 798 1729 883 5)
1799 805 1867 862 et
1932 798 2291 863 Innocentii
2336 797 2407 861 II
2459 796 2547 882 (n.
2584 799 2653 881 7)
2707 805 2774 863 et
2816 798 3127 864 Friderici
3173 798 3208 862 I

317 905 470 989 imp.
519 904 804 989 diploma
850 902 961 988 (cf.
995 902 1172 967 Gott.
1206 902 1443 967 Nachr.
1485 907 1647 968 1903
1694 924 1756 987 p.
1793 906 1905 966 271
1943 902 2088 987 sq.),
2138 923 2304 989 quae
2351 902 2747 986 transcripsit
2792 900 3206 987 Garampius;

320 1007 433 1072 sed
481 1008 714 1072 frustra
771 1008 1059 1094 quaesivi
1116 1014 1185 1072 et
1241 1009 1307 1071 in
1351 1007 1612 1072 archivo
1661 1006 2155 1073 Carmelitarum
2212 1006 2384 1093 apud
2438 1029 2487 1071 s.
2520 1007 2793 1071 Mariam
2837 1006 3207 1092 Transpon-

322 1114 518 1177 tinam
566 1118 632 1177 et
687 1113 752 1176 in
809 1112 1070 1177 archivo
1118 1112 1607 1176 Trinitariorum
1654 1111 1827 1196 apud
1872 1134 1921 1175 s.
1955 1112 2467 1197 Chrysogonum.
2557 1110 2777 1174 Pauca
2824 1110 3209 1175 documenta

319 1218 723 1301 transierunt,
758 1218 1261 1301 congregatione
1293 1237 1352 1280 a.
1393 1219 1553 1281 1873
1596 1214 1959 1300 suppressa,
2006 1217 2072 1279 in
2100 1216 2180 1281 R.
2214 1215 2542 1280 archivum
2573 1214 2938 1279 Romanum
2968 1214 3208 1300 (Roma

315 1320 511 1384 Arch.
572 1320 637 1384 di
700 1328 902 1405 stat0,
973 1319 1276 1385 Trinitari
1335 1320 1649 1385 risormati
1709 1319 1773 1383 di
1833 1319 1897 1384 S.
1945 1320 2333 1405 Crisogono;
2401 1319 2482 1384 cf.
2531 1318 2707 1383 Gott.
2752 1318 2990 1384 Nachr.
3045 1323 3199 1385 1901

318 1447 380 1510 p.
412 1423 586 1509 241).

543 1578 599 1631 Β
631 1599 696 1623 =
734 1577 868 1648 Cop.
905 1596 947 1634 s.
977 1576 1166 1633 XVIII
1208 1578 1356 1634 inter
1399 1579 1634 1634 schedas
1687 1578 1794 1634 Ios.
1847 1579 1996 1634 card.
2051 1577 2321 1650 Garampi
2376 1578 2553 1633 Roma
2606 1578 2771 1633 Arch.
2808 1578 2939 1633 Vat.
2995 1577 3207 1646 (Fondo

729 1664 1043 1735 Garampi);
1081 1664 1149 1719 cf.
1175 1665 1329 1721 Gott.
1355 1664 1563 1720 Nachr.
1592 1665 1727 1721 1903
1763 1683 1817 1735 p.
1841 1665 1947 1720 522
1965 1682 2047 1733 sq.

315 1807 395 1870 *1
2755 1805 3122 1888 (731—41)

317 1908 744 1994 Gregorius
789 1908 894 1973 III
943 1912 1337 1993 „construxit
1366 1909 1824 1976 monasterium
1872 1931 2029 1995 erga
2060 1908 2337 1974 eundem
2370 1909 2621 1974 titulum
2668 1907 2746 1993 (s.
2779 1908 3209 1995 Chrysogoni)

316 2036 396 2078 ss,
445 2020 628 2077 mart.
675 2010 1023 2098 Stephani,
1084 2014 1392 2079 Laurenti
1445 2020 1640 2098 atque
1700 2013 2129 2100 Chrysogoni,
2188 2014 2578 2078 constituens
2622 2012 2861 2078 ibidem
2906 2012 3208 2078 abbatem

319 2122 384 2180 et
451 2117 910 2182 monachorum
982 2119 1550 2204 congregationem
1620 2117 1703 2182 ad
1771 2116 2232 2203 persolvendas
2296 2117 2439 2182 Deo
2506 2117 2733 2182 laudes
2798 2119 2863 2181 in
2931 2117 3209 2183 eundem

316 2221 571 2284 titulum
620 2219 859 2285 diurnis
905 2228 1102 2307 atque
1149 2223 1474 2287 nocturnis
1522 2222 1949 2308 temporibus,
2005 2222 2366 2286 ordinatam
2420 2220 2769 2286 secundum
2823 2222 3023 2285 instar
3067 2221 3208 2285 offi-

319 2327 560 2389 ciorum
608 2326 923 2391 ecclesiae
970 2326 1029 2390 b.
1065 2326 1246 2391 Petri
1291 2332 1519 2411 apost.,
1566 2334 1980 2413 segregatum
2027 2325 2330 2391 videlicet
2380 2346 2421 2391 a
2464 2326 2599 2390 iurc
2646 2326 2984 2411 potestatis
3028 2345 3207 2410 pres-

320 2428 526 2513 byteri
579 2429 894 2514 praedicti
950 2430 1137 2497 tituli.
1226 2430 1303 2494 In
1350 2451 1475 2515 quo
1529 2432 1920 2496 monasterio
1977 2451 2095 2515 pro
2149 2431 2610 2495 sustentatione
2669 2428 2910 2494 ibidem
2954 2431 3093 2514 ipse
3141 2477 3156 2494 .
3193 2478 3206 2493 .

319 2531 585 2616 praedia
631 2539 698 2597 et
743 2532 912 2598 dona
958 2541 1152 2619 atque
1199 2534 1510 2599 familiam
1556 2534 1825 2620 largitus
1869 2533 2030 2599 est“.

523 2643 707 2699 Laud.
744 2645 809 2698 in
855 2645 982 2700 Vita
1025 2644 1270 2714 amorii
1307 2645 1409 2700 111
1438 2645 1586 2714 (Lib.
1615 2646 1822 2716 pontis.
1856 2644 1936 2701 aa.
1981 2644 2267 2704 Duc-hasne
2305 2644 2346 2698 I
2373 2647 2508 2714 418).
2544 2676 2612 2685 -
2650 2644 2780 2713 Req.
2818 2643 2936 2700 JE.
2972 2674 3057 2700 —.

315 2800 398 2865 *2
2794 2800 3095 2865 758—62

317 2905 603 2971 Paulus
655 2906 690 2969 I
760 2905 1055 2970 concedit
1117 2906 1369 2972 Marino
1436 2906 1814 2992 presbytero
1884 2906 2049 2971 tituli
2113 2904 2517 2990 Chrysogoni
2577 2799 2992 2989 praecssptum
3062 2802 3207 2971 c)um

320 3009 617 3075 omnibus
662 3009 821 3077 locis
867 3017 935 3076 et
977 3011 1486 3096 possessionibus
1531 3010 1650 3076 sibi
1690 3010 2177 3098 pertinentibus,
2222 3010 2483 3076 urbanis
2515 3009 2618 3075 vel
2663 3011 2933 3094 rusticis,
2980 3032 3209 3076 exara-

318 3120 451 3177 tum
496 3120 693 3199 atque
740 3136 935 3179 manu
978 3136 1093 3179 sua
1138 3098 1529 3181 roboratum.

527 3224 708 3280 Laud.
744 3225 807 3278 in
848 3225 1018 3279 Pauli
1042 3226 1076 3279 1
1106 3225 1326 3295 epistola
1360 3226 1437 3281 ad
1461 3226 1727 3295 Pipinum
1759 3242 1928 3297 reyem
1957 3225 2308 3280 Francorum
2343 3223 2493 3292 (Coa.
2525 3224 2702 3280 Garat.
2737 3240 2813 3294 ep.
2841 3232 2906 3280 24
2940 3225 3022 3282 ed.
3052 3226 3207 3282 Mon.

321 3311 496 3366 Germ.
537 3313 685 3382 ΕΜ).
714 3312 822 3367 ΙΙΙ
838 3320 950 3368 529.
1024 3312 1186 3383 12099.
1224 3313 1278 3369 J.
1304 3320 1452 3369 1788.
1521 3313 1636 3370 JE.
1660 3318 1833 3382 2361).
1871 3344 1937 3354 —
1977 3313 2115 3383 Rey.
2151 3312 2259 3368 JE.
2296 3342 2381 3368 —.

699 3406 780 3463 De
816 3407 1036 3464 Marino
1073 3408 1257 3478 presb.
1295 3408 1364 3464 cf.
1391 3406 1613 3464 Codicis
1649 3406 1899 3463 Carolini
1935 3425 2063 3478 epp.
2101 3407 2185 3461 25.
2220 3407 2306 3462 29.
2341 3406 2426 3462 99.

314 3545 397 3608 *3
2788 3544 3090 3608 985-96

318 3649 702 3715 Iohannes
746 3649 874 3717 XV
921 3650 1217 3716 concedit
1261 3651 1600 3716 ecclesiam
1646 3673 1695 3714 s.
1728 3650 2083 3715 Salvatoris
2138 3650 2220 3716 de
2267 3649 2464 3716 Curte
2518 3650 2580 3713 in
2636 3544 2833 3713 fundo
2892 3544 3205 3714 ecclesiiae

320 3776 369 3818 s.
401 3754 802 3840 Chrysogoni
849 3754 965 3819 sub
1013 3776 1207 3820 censu
1251 3777 1462 3820 annuo
1508 3757 1938 3820 constitutam.

321 3947 403 4005 Re
523 3864 706 3919 Laud.
740 3866 805 3919 in
837 3882 894 3922 n.
922 3874 954 3922 6
988 3871 1039 3921 ct
1078 3874 1108 3921 7
1137 3871 1186 3921 d
1232 3866 1296 3919 in
1342 3865 1653 3923 Innocentii
1688 3864 1796 3919 111
1833 3865 1980 3919 bulla
2014 3882 2067 3919 a.
2094 3871 2222 3920 1199
2262 3865 2450 3921 iu1.23
2491 3862 2734 3918 Pomuast
2784 3862 2914 3931 Ray.
2958 3868 3080 3918 803.
3137 3892 3205 3903 —

400 3970 454 4022 y.
490 3951 603 4007 JL.
627 3958 772 4009 3869.

316 4092 395 4156 *4
2751 4088 3091 4151 1088-99

317 4196 671 4263 Urbanus
714 4198 784 4262 II
830 4198 1070 4283 statuit,
1117 4203 1188 4262 ut
1232 4196 1449 4262 clerici
1480 4194 1794 4261 ecclesiae
1840 4217 1889 4260 s.
1923 4194 2276 4260 Salvatoris
2315 4193 2398 4257 de
2427 4191 2625 4258 Curte
2672 4089 2953 4256 debeant
2995 4087 3206 4257 engle-

320 4303 455 4366 siae
511 4325 560 4367 s.
605 4301 1005 4389 Chrysogoni
1061 4302 1463 4386 scrutinium,
1520 4298 1871 4385 baptisma,
1930 4301 2309 4385 capitulum,
2362 4296 2804 4382 processiones
2848 4301 2916 4360 et
2958 4295 3207 4382 reliqua

319 4405 716 4490 parochialia
759 4408 900 4471 iura
943 4408 1108 4470 sicut
1149 4407 1409 4493 proprio
1456 4403 1641 4470 titulo
1687 4403 2016 4470 exhibere.

529 4517 713 4572 Laud.
748 4518 812 4571 in
845 4526 956 4574 ηδ
990 4523 1041 4573 et
1080 4526 1122 4573 7.
1158 4548 1224 4558 —
1263 4515 1525 4588 RQJL.
1568 4546 1651 4571 —.

320 4656 359 4718 5
2230 4652 2556 4718 Laterano
2601 4651 2770 4715 1121
2812 4649 3002 4731 april.
3038 4654 3121 4716 17

319 4761 671 4826 Calixtus
714 4761 785 4824 II
829 4760 1101 4827 Iohanni
1145 4760 1356 4846 presb.
1398 4759 1571 4825 card.
1619 4764 1769 4824 etc.:
1826 4758 2162 4824 confirmat
2206 4757 2511 4823 ecclesias
2557 4763 2624 4821 et
2667 4755 2998 4840 cappellas
3040 4755 3208 4819 infra

318 4866 693 4949 parochiam
735 4888 784 4929 s.
810 4865 1211 4951 Chrysogoni
1243 4866 1503 4950 positas,
1548 4862 1854 4929 videlicet
1898 4863 2205 4928 ecclesias
2250 4884 2299 4926 s.
2334 4861 2685 4927 Salvatoris
2716 4861 2797 4925 de
2829 4859 3024 4926 Curte
3059 4882 3119 4944 q.
3145 4880 3203 4923 V.

319 4968 509 5033 Felix
554 4971 798 5056 aquila,
858 4992 906 5034 s.
939 4971 1268 5056 Bonosae,
1328 4992 1378 5034 s.
1409 4968 1711 5055 Agathae
1758 4973 1825 5032 et
1877 4990 1926 5032 s.
1956 4966 2297 5053 Stephani,
2352 4972 2419 5032 et
2471 4966 2805 5031 confirmat
2846 4963 3093 5030 Urbani
3138 4960 3207 5026 11

322 5076 409 5158 (n.
441 5076 508 5157 4)
567 5074 870 5139 iudicium
931 5095 1124 5159 super
1190 5074 1564 5160 quaestione
1621 5072 1788 5136 inter
1851 5069 2191 5136 ecclesiam
2258 5093 2308 5135 s.
2342 5069 2744 5155 Chrysogoni
2807 5073 2873 5133 et
2938 5067 3206 5132 clericos

320 5202 369 5244 s.
403 5178 755 5244 Salvatoris
806 5179 886 5244 de
919 5178 1116 5244 Curte
1163 5177 1244 5243 de
1291 5197 1513 5242 eorum
1557 5175 1954 5240 subiectione
1984 5182 2182 5240 mota.
2228 5214 2314 5223 —
2359 5173 2522 5239 Cum
2568 5172 2856 5238 ecclesiis
2891 5169 3203 5236 omnibus.

319 5282 461 5369 Ego
510 5283 801 5349 Calixtus
847 5289 969 5348 etc.
1060 5281 1313 5347 Subscr.
1348 5284 1428 5347 33
1476 5278 1647 5346 card.
1722 5279 1873 5345 Dat.
1904 5281 2050 5346 Lat.
2091 5302 2153 5365 p.
2186 5301 2271 5343 m.
2318 5278 2662 5364 Grisogoni
2708 5276 2772 5341 S.
2804 5276 2883 5342 R.
2915 5276 2991 5342 E.
3039 5276 3203 5341 diac.
