4065 6049
742 520 747 523 -
778 480 854 541 u
2130 469 2323 529 Roma.

773 651 858 712 24
2606 647 2962 716 Benevento
3005 648 3239 732 (1156)
3282 654 3472 717 mart.
3507 651 3591 716 18

774 749 1209 817 Hadrianus
1257 749 1352 814 IV
1399 749 1756 816 rectoribus
1785 749 2122 819 Romanae
2169 752 2616 817 fraternitatis:
2666 751 2950 836 mandat,
2997 760 3315 839 quatenus
3364 754 3672 839 populum

772 854 1087 921 ecclesiae
1119 877 1169 920 s.
1191 854 1440 923 Mariae
1462 856 1526 920 in
1551 853 1962 939 Oandiatore‚
1995 856 2108 942 qui
2131 855 2446 925 ecclesiae
2476 878 2525 919 s.
2553 856 2729 920 Petri
2763 855 2844 920 ad
2873 855 3149 922 Vincula
3181 878 3442 923 manum
3475 856 3673 924 oboe-

776 959 1060 1026 dientiae
1091 956 1382 1025 exhiberi
1414 958 1817 1043 contradicit,
1865 970 2338 1041 commoneant,
2383 968 2452 1025 ut
2496 982 2534 1026 a
2581 959 3089 1029 contradictione
3134 962 3247 1028 illa
3291 965 3549 1048 penitus
3593 962 3676 1029 de

777 1071 998 1130 cetero
1044 1070 1253 1131 cesset
1298 1070 1367 1128 et
1411 1062 1583 1147 quod
1632 1063 1903 1130 ecclesia
1951 1087 2000 1129 s.
2037 1063 2212 1131 Petri
2262 1064 2458 1130 habet
2504 1066 2566 1129 in
2613 1067 2849 1130 ceteris
2900 1067 3030 1130 suis
3078 1065 3374 1151 capellis,
3435 1067 3498 1131 in
3554 1068 3671 1130 ista

781 1170 839 1232 ci
889 1165 1271 1233 subtrahere
1317 1186 1444 1232 non
1488 1176 1879 1252 praesumat.

1156 1297 1207 1334 v.
1244 1276 1393 1333 Eccl.
1430 1297 1473 1333 a.
1500 1277 1651 1333 Petri
1690 1279 1763 1335 ad
1788 1278 2030 1335 Vincula
2067 1298 2117 1336 n.
2151 1281 2199 1334 3.

775 1402 897 1467 *25
3181 1405 3592 1486 (1181*85)

774 1506 1053 1571 Lucius
1098 1504 1204 1570 ΙΙΙ
1250 1503 1607 1571 rectoribus
1636 1504 1974 1572 Romanae
2007 1506 2448 1585 fraternitatis
2495 1504 2571 1573 P.
2603 1506 2969 1573 Christiano
3016 1507 3150 1572 bas.
3187 1529 3235 1572 s.
3271 1506 3470 1591 Petri,
3516 1505 3675 1572 Gui-

778 1608 929 1675 doni
975 1608 1058 1675 de
1104 1608 1289 1695 Papa
1335 1610 1429 1675 tit.
1479 1633 1528 1674 s.
1573 1608 1820 1676 Mariae
1866 1611 1929 1676 in
1976 1609 2469 1691 Transtiberim
2516 1610 2785 1677 Iohanni
2846 1610 3237 1698 archipresb.
3287 1633 3337 1679 s.
3371 1609 3678 1677 Iohannis

781 1713 864 1779 de
910 1712 1148 1795 Insula,
1195 1710 1513 1799 Gregorio
1559 1714 1945 1781 Lateranen.
1993 1714 2150 1797 bas„
2197 1713 2478 1783 Iordano
2523 1716 2720 1801 priori
2768 1739 2817 1782 s.
2863 1715 3106 1780 Mariae
3153 1712 3416 1799 Novae,
3463 1715 3674 1800 presb.

774 1815 1051 1883 Girardo
1119 1840 1168 1881 s.
1224 1815 1475 1882 Nicolai
1544 1816 1626 1882 de
1681 1816 2078 1884 Marmorata
2098 1870 2115 1893 .,
2187 1817 2434 1884 Boboni
2485 1821 2578 1885 tit.
2626 1843 2674 1885 s.
2709 1819 3030 1901 Marcelli,
3090 1818 3302 1905 presb.
3361 1818 3677 1884 Ionathae

777 1944 826 1986 s.
853 1919 1291 2006 Pantaleonis‚
1323 1919 1537 2007 presb.
1573 1921 1801 2008 Ingoni
1834 1945 1882 1987 s.
1905 1922 2152 1988 Mariae
2184 1924 2246 1987 in
2279 1922 2754 2009 Transpadina:
2802 1925 3146 1989 committit
3177 1943 3461 2007 causam,
3509 1943 3678 2010 quae

774 2027 940 2091 inter
985 2025 1294 2090 ecclesias
1339 2047 1387 2089 s.
1423 2023 1794 2111 'r1-iph0nis‚
1856 2050 1904 2090 s.
1939 2026 2292 2092 salvatoris
2339 2026 2419 2093 dc
2467 2027 2647 2112 Sere,
2694 2052 2745 2095 s.
2789 2027 3040 2095 Nicolai
3087 2026 3172 2093 de
3217 2025 3566 2092 Praefecto
3614 2038 3681 2093 et

776 2154 824 2194 a.
859 2128 1059 2194 Blasii
1122 2129 1204 2195 de
1248 2129 1471 2197 Monte
1518 2129 1901 2216 acceptabili
1949 2151 2031 2195 ex
2087 2153 2213 2196 una
2268 2138 2334 2197 et
2396 2133 2854 2197 monasterinm
2912 2156 2959 2196 s.
3007 2132 3254 2197 Mariae
3309 2131 3370 2195 in
3429 2129 3679 2217 Campo

780 2234 1007 2299 Martis
1053 2255 1134 2300 ex
1181 2242 1365 2321 parte
1413 2234 1617 2300 altera
1664 2233 1745 2300 de
1793 2243 1963 2301 statu
2009 2236 2457 2321 parochiarum
2507 2239 2791 2303 vertitur.

1155 2364 1206 2400 v.
1233 2344 1379 2401 Eccl.
1406 2364 1448 2401 s.
1474 2344 1777 2417 Triphonis
1802 2365 1856 2403 n.
1881 2347 1915 2402 2
1939 2351 1998 2403 et
2028 2347 2177 2403 Mon.
2202 2367 2245 2404 a.
2271 2346 2485 2404 Mariae
2513 2347 2570 2403 in
2598 2346 2811 2419 Campo
2838 2346 3044 2404 Martio
3069 2366 3121 2402 n.
3148 2346 3198 2402 3.
3227 2376 3294 2386 —-
3331 2346 3678 2401 Sententiam

983 2431 1163 2501 ipsam
1205 2448 1239 2487 a
1276 2431 1584 2487 rectoribus
1610 2430 1893 2490 Romanae
1918 2433 2293 2490 fraternitatis
2330 2434 2610 2505 prolatam
2647 2434 2839 2490 eodem
2879 2434 3000 2489 loco
3038 2432 3305 2490 invenies.

1344 2801 2220 2878 PATRIARCHIUM
2272 2802 2781 2878 LATERAN
2801 2803 2938 2877 EN
2957 2804 3108 2878 SE.

997 2987 1128 3055 Sub
1176 2988 1296 3054 hoc
1347 2986 1530 3053 titulo
1578 2987 1961 3053 documenta
2010 2994 2080 3052 nt
2125 2987 2426 3074 colligam
2474 2984 2629 3052 mihi
2677 2990 2999 3074 proposui,
3050 3009 3215 3074 quae
3263 2987 3345 3054 ad
3394 2987 3682 3056 diversos

780 3092 1092 3162 officiales
1136 3092 1202 3158 S.
1233 3092 1313 3158 R.
1346 3091 1421 3158 E.
1469 3101 1796 3179 spectant,
1858 3094 1963 3177 qui
2026 3091 2488 3159 recentioribus
2545 3092 2940 3178 temporibus
2994 3091 3111 3158 sub
3157 3094 3414 3158 nomine
3464 3093 3681 3178 „curia

778 3197 1113 3263 Romana“
1150 3195 1798 3283 comprehendimtur.
1878 3195 1962 3261 Et
1993 3198 2269 3283 primum
2304 3195 2564 3283 quidem
2597 3217 2677 3262 ea
2711 3217 2877 3282 quae
2910 3194 2994 3261 ad
3024 3197 3376 3262 notarios
3407 3193 3577 3272 sat.
3603 3192 3679 3261 Ε.

779 3303 1071 3386 attinent,
1119 3299 1354 3366 deinde
1410 3322 1488 3366 ea
1535 3322 1700 3386 quae
1749 3301 2216 3366 defensores
2263 3300 2627 3386 respiciunt.
2720 3299 3084 3386 Sequentnr
3130 3298 3516 3367 documenta
3561 3321 3681 3385 pro

780 3404 1046 3472 schola
1093 3413 1505 3471 cantorum.
1583 3405 1924 3470 Postremo
1970 3426 2050 3471 ea
2097 3426 2265 3491 quae
2298 3404 2382 3470 ad
2414 3424 2666 3470 sacrum
2699 3405 3139 3471 Laterancnse
3170 3403 3484 3491 palatium
3530 3424 3681 3490 per-

779 3513 1014 3594 tinent,
1087 3510 1196 3575 ubi
1260 3509 1598 3596 privilegia
1660 3512 2163 3594 vestarariis,
2229 3511 2680 3595 praeposito
2753 3510 3139 3594 coquinae
3208 3517 3276 3574 et
3337 3510 3682 3573 ostiario

779 3613 1056 3701 palatii
1102 3635 1405 3681 concessa
1454 3613 1749 3679 referam.

1607 3853 2086 3925 Primloorins
2133 3855 2208 3924 ot
2254 3852 2526 3925 notari!
2573 3852 2642 3924 S.
2675 3852 2758 3923 R.
2790 3852 2868 3922 E.

987 4013 1045 4070 C.
1085 4011 1397 4086 Rasponi
1433 4012 1515 4069 De
1551 4010 1791 4068 basilica
1828 4017 1887 4068 et
1923 4010 2273 4082 patriarchio
2299 4008 2662 4067 Lateranensi
2699 4009 2831 4066 libri
2854 4013 2890 4066 4
2926 4009 3161 4079 (Romae
3200 4011 3356 4079 1656)
3393 4031 3450 4084 p.
3472 4012 3579 4069 260
3600 4031 3683 4082 aq.

781 4130 846 4141 -
884 4101 1041 4157 Dom.
1077 4099 1328 4171 Giorgi
1366 4098 1445 4155 De
1481 4096 1719 4170 liturgia
1755 4098 1913 4154 Rom.
1948 4101 2107 4170 pont.
2144 4097 2166 4152 1
2203 4097 2378 4167 acsq.
2423 4127 2485 4138 ·-
2535 4095 2596 4154 P.
2623 4097 2681 4153 L.
2707 4095 3023 4154 Galletti
3057 4096 3159 4152 Del
3200 4098 3497 4168 primicero
3531 4097 3682 4155 della

783 4190 948 4242 santa
996 4187 1127 4243 sede
1177 4186 1492 4258 apostolica
1540 4202 1572 4241 e
1615 4184 1675 4241 di
1722 4183 1856 4241 altri
1902 4181 2131 4239 uffiziali
2180 4183 2458 4256 maggiori
2508 4183 2594 4239 dcl
2643 4200 2802 4239 sacro
2839 4181 3071 4254 palagio
3110 4183 3446 4242 Latet-anese
3481 4184 3682 4253 (Roma

783 4274 956 4344 1776).
997 4305 1059 4314 —-
1098 4275 1355 4330 Gaetano
1392 4272 1605 4331 Cenni
1640 4271 1785 4327 Dell‘
1823 4269 2065 4371 origine,
2111 4269 2467 4327 incombenze
2519 4286 2549 4327 e
2594 4269 2818 4342 dignita
2864 4269 2955 4326 del
3003 4269 3324 4342 primicerio
3369 4289 3400 4328 e
3435 4272 3684 4328 secondi-

783 4360 931 4416 cerio
975 4359 1033 4415 in
1086 4359 1482 4417 Dissertazioni
1538 4376 1703 4430 sopra
1741 4358 1861 4414 vari
1914 4356 2078 4428 punti
2134 4355 2492 4414 intereasanti
2541 4355 2592 4411 d
2595 4357 2792 4413 istoria
2844 4355 3262 4422 ecelesiastica.
3316 4357 3605 4430 pontificia
3653 4377 3684 4415 e

783 4445 1053 4503 canonica
1091 4447 1113 4501 Ι
1151 4446 1238 4513 (ln
1278 4445 1492 4517 Pistoja
1534 4446 1685 4514 1778)
1719 4445 1787 4501 85
1814 4463 1896 4514 sq.
1946 4474 2009 4485 -
2057 4443 2154 4512 (Μ.
2197 4443 2516 4512 Renazzi)
2554 4442 2778 4501 Notizie
2813 4441 3058 4500 storiche
3094 4443 3248 4515 degli
3284 4444 3503 4501 antichi
3541 4445 3683 4501 vice·

780 4532 991 4590 domini
1028 4532 1119 4589 del
1155 4529 1502 4603 patriarchio
1540 4533 1915 4589 Lateranensc
1948 4531 2151 4599 (Roma
2187 4529 2362 4597 1784).
2409 4562 2474 4570 —-
2521 4531 2562 4587 1.
2589 4530 2650 4585 Β.
2688 4529 2770 4586 De
2808 4529 3011 4586 Rossi
3057 4529 3139 4586 De
3193 4530 3412 4603 origine
3446 4530 3683 4589 historia

781 4619 1061 4676 indicibus
1085 4617 1275 4675 serinii
1302 4622 1361 4674 et
1384 4617 1766 4675 bibliothecae
1795 4616 1942 4674 sedis
1970 4616 2362 4689 apostolicae
2345 4636 2403 4672 ιιι
2432 4616 2662 4674 Codices
2689 4616 2940 4674 Palatini
2963 4615 3133 4673 latini
3158 4616 3299 4674 bibl.
3323 4613 3633 4674 Vaticanae
3658 4619 3682 4672 1

783 4706 1017 4772 (Romae
1046 4707 1218 4764 1886).
1256 4734 1323 4745 -·
1360 4706 1427 4759 H.
1455 4706 1779 4761 Bresslau
1820 4703 2136 4759 Handbuch
2163 4703 2260 4759 der
2285 4702 2742 4760 Urkundenlehre
2766 4703 2856 4758 for
2879 4703 3265 4762 Deutschland
3291 4704 3404 4760 und
3432 4702 3634 4760 ltalien
3665 4706 3684 4758 l

780 4792 1035 4865 (Leipzig
1064 4793 1218 4858 1889)
1248 4795 1344 4849 157
1370 4812 1452 4862 sq.
1490 4821 1555 4832 -·
1593 4793 1708 4864 Sig.
1749 4791 1984 4852 Keller
2016 4790 2122 4848 Die
2158 4790 2348 4848 aieben
2376 4790 2685 4848 romischen
2717 4791 3088 4850 Pfalzrichter
3122 4793 3199 4849 im
3225 4791 3684 4862 byzantinisehen

782 4881 1054 4939 Zeitalter
1091 4880 1150 4936 in
1176 4878 1770 4938 Kircbenrechtlichen
1808 4878 2262 4950 Abbandlungen
2299 4879 2752 4950 berausgegeben
2793 4897 2899 4934 von
2935 4879 3001 4937 U.
3029 4879 3187 4934 Stntz
3227 4878 3330 4934 xu
3370 4878 3686 4950 (Stuttgart

782 4968 950 5036 1904).
988 5000 1052 5008 ---
1092 4969 1160 5023 cf.
1199 4971 1371 5026 etiam
1410 4966 1733 5038 Phillips
1771 4965 2179 5023 Kirchenrccbt
2219 4964 2288 5020 Vl
2317 4965 2420 5020 333
2445 4985 2526 5036 sq.

996 5127 1073 5191 In
1116 5127 1314 5192 Libro
1363 5125 1713 5212 pontificali
1759 5126 2055 5208 legimus,
2103 5123 2590 5190 Clementem
2639 5125 2671 5189 Ι
2718 5131 2966 5210 septem
3001 5125 3297 5210 regiones
3343 5124 3574 5190 fecisse
3621 5132 3690 5190 et

780 5230 1071 5296 divisisse
1119 5233 1383 5296 notariis
1428 5229 1724 5296 fidelibus
1772 5228 2117 5313 ecclesiae,
2176 5230 2283 5315 qui
2341 5236 2524 5311 gesta
2573 5235 2926 5313 martyrum
2980 5228 3252 5294 sollicite
3301 5236 3369 5293 et-
3413 5230 3687 5312 curiose,
