4065 6049
656 463 682 521 1
695 461 775 521 34
2002 455 2194 511 Roma.

865 632 1210 696 Basilicam
1239 630 1622 696 Vaticanam
1668 630 1933 715 eiusque
1980 632 2320 696 canonicos
2366 633 2595 696 summi
2641 605 2978 717 pontifices
3007 633 3297 718 plurimis
3340 637 3533 720 privi-

647 740 835 823 legiis
881 737 1282 801 decorarunt.
1372 733 1502 799 Sed
1549 735 1911 819 antiquiora
1954 736 2222 820 periisse
2268 736 2456 801 valde
2505 736 2797 801 dolemus
2842 759 2985 802 cum
3033 739 3171 824 ipso
3214 740 3536 826 Maphaeo

649 844 891 929 Vegio,
952 842 1059 927 qui
1128 844 1224 903 tot
1283 837 1621 922 deperdita
1690 838 1818 902 iam
1887 860 2055 904 saec.
2102 840 2230 904 XV
2294 839 2585 925 lugebat;
2655 841 2820 906 inter
2885 842 3077 925 haec,
3146 852 3219 908 ut
3284 851 3535 909 taceam

647 947 1098 1027 vetustissima,
1145 943 1479 1008 Paschalis
1519 942 1572 1025 Ι,
1621 942 1830 1026 Sergii
1875 942 1964 1025 II,
2010 944 2249 1008 Leonis
2288 944 2404 1027 IV,
2450 944 2756 1010 Iohannis
2799 946 2866 1010 X
2910 953 2977 1012 et
3019 946 3327 1012 Iohannis
3371 949 3537 1014 XIX

648 1052 1005 1136 privilegia,
1052 1072 1092 1114 a
1136 1049 1357 1114 Leone
1389 1045 1490 1111 IX
1535 1053 1602 1111 et
1646 1046 1979 1112 Hadriano
2013 1048 2111 1112 IV
2156 1047 2437 1112 laudata.
2528 1050 2766 1114 Leonis
2805 1050 2902 1115 IV
2947 1058 3014 1116 et
3055 1050 3156 1116 IX
3201 1053 3539 1138 privilegia

552 1160 556 1165 '
651 1156 987 1240 originalia
1032 1174 1290 1238 quoque
1336 1149 1799 1215 desiderantur.
1891 1152 2074 1225 Quae
2120 1172 2273 1216 vero
2322 1159 2794 1237 remanserunt,
2843 1156 3132 1219 canonici
3178 1157 3536 1241 sumptibus

650 1267 716 1325 et
782 1260 1083 1344 auspiciis
1151 1255 1537 1321 Hannibalis
1604 1253 1775 1319 card.
1838 1254 2075 1319 Albani
2144 1276 2200 1320 a.
2256 1259 2416 1321 1747
2442 1279 2535 1342 sq.
2601 1258 2667 1321 in
2740 1257 3027 1323 Bullario
3087 1258 3404 1325 Vaticano
3473 1268 3540 1326 et

647 1365 1013 1448 nuperrime
1068 1364 1143 1426 L.
1178 1359 1604 1444 Schiaparelli
1667 1360 1731 1422 in
1787 1359 1994 1424 lucem
2053 1359 2411 1427 ediderunt.
2509 1361 2886 1446 Diplomata
2942 1369 3160 1429 autem
3215 1366 3537 1429 canonicis

650 1489 690 1531 a
733 1465 1062 1530 Friderico
1094 1464 1127 1528 Ι
1174 1487 1232 1529 a.
1273 1466 1466 1547 1159,
1513 1461 1821 1527 Heinrico
1853 1462 1950 1527 VI
2002 1484 2060 1527 a.
2102 1468 2263 1528 1196
2322 1471 2388 1529 et
2441 1464 2771 1530 Friderico
2812 1465 2880 1530 II
2925 1488 2984 1532 a.
3025 1470 3186 1533 1234
3235 1489 3538 1534 concessa

650 1571 936 1654 vulgavit
979 1570 1054 1633 P.
1090 1565 1775 1633 Scheffer-Boichorst
1832 1567 1895 1629 in
1941 1567 2393 1653 Mitteilungen
2449 1567 2563 1633 des
2610 1569 3182 1634 osterreichischen
3226 1570 3536 1654 Instituts,

649 1672 1238 1758 Ergiinzungsband
1283 1669 1382 1735 IV
1427 1673 1508 1734 95
1535 1692 1651 1754 sq.,
1698 1674 1768 1733 ut
1812 1669 2029 1734 Caroli
2075 1670 2161 1735 M.
2210 1672 2495 1756 spurium
2541 1673 2939 1736 notissimum
2987 1674 3301 1738 omittam.

864 1803 1213 1867 Archivum
1282 1802 1731 1866 canonicorum
1797 1800 2141 1886 diligenter
2204 1801 2559 1867 custoditur
2616 1802 2732 1867 sub
2800 1805 3089 1869 canonici
3156 1806 3538 1871 archivistae

651 1928 803 1971 cura
849 1908 909 1971 in
957 1906 1236 1970 sacrario
1282 1904 1589 1970 basilicae
1635 1926 1693 1969 a.
1734 1908 1896 1970 1782
1942 1926 1983 1970 a
2025 1906 2146 1969 Pio
2178 1905 2274 1969 VI
2317 1907 2692 1989 instaurato,
2739 1906 2933 1991 quod,
2979 1909 3133 1973 licet
3170 1929 3425 1992 magna,
3471 1915 3540 1973 ut

652 2010 957 2089 diximus,
1021 2032 1171 2094 pars
1235 2009 1764 2075 documentorum
1834 2010 2057 2093 periit,
2123 2011 2289 2075 inter
2342 2011 2535 2076 Urbis
2595 2010 2913 2076 tabularia
2968 2018 3103 2076 tum
3158 2014 3539 2097 antiquitate

650 2120 1207 2178 monumentorum
1275 2112 1424 2178 inde
1490 2135 1529 2177 a
1586 2133 1754 2178 saec.
1787 2113 1917 2195 IX,
1986 2119 2122 2177 tum
2183 2134 2407 2178 eorum
2464 2136 2730 2180 numero
2787 2116 3141 2200 praecellit.
3240 2116 3542 2182 Continet

650 2219 841 2301 enim,
883 2224 1140 2302 praeter
1184 2217 1439 2281 chartas
1484 2215 1568 2280 ad
1613 2215 1942 2281 basilicam
1992 2222 2378 2300 spectantes,
2426 2219 2621 2282 etiam
2669 2217 3054 2283 documenta
3099 2221 3541 2305 antiquissima

651 2345 734 2387 ex
802 2330 1075 2407 quatuor
1133 2321 1537 2386 monasteriis
1594 2321 1746 2384 olim
1806 2319 1978 2404 apud
2034 2343 2082 2383 s.
2124 2320 2422 2404 Petrum,
2483 2344 2565 2386 ex
2626 2322 2945 2387 Theatina
3004 2324 3278 2387 ecclesia
3337 2329 3404 2388 et
3457 2346 3539 2388 ex

651 2448 699 2488 s.
733 2425 1085 2490 Salvatoris
1144 2424 1224 2490 de
1279 2425 1543 2490 Maiella
1603 2431 1668 2489 et
1713 2448 1760 2488 s.
1796 2423 2055 2489 Martini
2103 2424 2183 2490 de
2216 2425 2440 2508 Valle,
2498 2447 2578 2490 ex
2613 2424 3003 2490 Viterbiensi
3058 2449 3106 2489 s.
3149 2427 3409 2491 Martini
3456 2427 3538 2492 de

650 2529 871 2593 Monte
919 2535 985 2593 et
1027 2528 1634 2613 Forlimpopuliensi
1681 2552 1729 2592 s.
1761 2528 1982 2593 Rufini
2022 2530 2434 2613 monasteriis
2478 2529 2602 2593 huc
2650 2530 2977 2593 translata.

867 2657 969 2724 De
1015 2658 1273 2722 archivo
1308 2658 1387 2721 cf.
1421 2657 1725 2722 Visitatio
1760 2664 1826 2722 et
1857 2658 2202 2742 descriptio
2236 2658 2479 2723 archivi
2523 2680 2579 2723 a.
2623 2662 2783 2723 1656
2832 2658 2959 2723 feb.
2995 2663 3054 2742 6,
3099 2660 3310 2725 Roma
3342 2660 3536 2725 Arch.

650 2761 800 2827 Vat.
833 2763 1012 2826 Misc.
1044 2761 1225 2826 Arm.
1257 2761 1355 2825 VI
1400 2766 1442 2825 t.
1479 2766 1559 2826 30
1607 2760 1650 2826 f.
1690 2765 1808 2825 122
1835 2784 1928 2847 sq.
1963 2794 2042 2816 =
2078 2761 2217 2826 cod.
2251 2763 2550 2829 Casanat.
2586 2766 2752 2827 3208
2785 2761 2874 2847 (Χ
2910 2763 3006 2828 IV
3038 2763 3149 2849 39)
3195 2786 3258 2848 p.
3293 2767 3415 2828 357
3443 2788 3538 2850 sq.

650 2866 760 2950 (cf.
796 2865 1217 2949 Schiaparelli
1263 2887 1325 2949 p.
1354 2865 1508 2950 412)
1521 2890 1536 2942 ;
1581 2865 1946 2949 Descriptio
1981 2867 2222 2931 archivi
2262 2868 2327 2930 in
2357 2866 2724 2932 Inventario
2756 2869 3039 2931 omnium
3071 2867 3383 2933 bonorum
3416 2875 3536 2934 etc.

652 2992 708 3034 a.
750 2972 946 3052 1726,
1002 2967 1213 3033 Roma
1257 2967 1452 3033 Arch.
1500 2989 1640 3054 cap.
1688 2968 1752 3033 di
1800 2968 1864 3035 S.
1897 2970 2118 3035 Pietro
2177 2969 2284 3055 (cf.
2320 2968 2742 3056 Schiaparelli
2796 2993 2858 3056 p.
2894 2976 3038 3038 408.
3087 2969 3271 3058 413);
3341 2971 3539 3038 Chat-

653 3072 795 3138 tard
833 3072 868 3135 I
908 3076 1032 3137 248
1058 3094 1181 3157 sq.;
1229 3072 1611 3138 Cancellieri
1643 3073 1711 3136 Π
1745 3078 1867 3139 890
1892 3096 2016 3159 sq.;
2063 3074 2285 3139 Dudik
2329 3074 2465 3138 Iter
2505 3075 2693 3140 Rom.
2727 3075 2761 3139 I
2794 3080 2872 3140 77
2892 3098 3020 3161 sq.;
3068 3076 3432 3141 Bethmann
3477 3078 3542 3141 in

649 3176 890 3241 Archiv
942 3176 1078 3241 XII
1124 3181 1246 3241 407
1274 3199 1398 3262 sq.;
1457 3175 1780 3263 Pflung.
1840 3176 1977 3243 Iter
2021 3201 2084 3263 p.
2120 3182 2200 3244 80
2227 3201 2352 3264 sq.;
2415 3177 2591 3244 Gfitt.
2637 3179 2874 3244 Nachr.
2931 3185 3092 3245 1900
3150 3203 3213 3266 p.
3268 3185 3385 3246 125
3412 3203 3539 3266 sq.;

652 3279 1074 3365 Schiaparelli
1119 3303 1179 3366 p.
1216 3284 1338 3345 393
1365 3303 1459 3366 sq.

865 3409 1234 3474 Inventaria
1287 3410 1599 3477 habemus
1654 3412 1866 3496 plura,
1925 3434 2195 3497 quorum
2255 3412 2540 3477 tabulam
2596 3415 2669 3478 L.
2705 3413 3128 3498 Schiaparelli
3186 3438 3248 3499 p.
3296 3420 3420 3480 405
3445 3438 3538 3500 sq.

650 3514 948 3600 praebet;
997 3536 1076 3578 ne
1123 3535 1277 3579 vero
1324 3536 1469 3579 eam
1515 3522 1903 3599 repetamus,
1957 3517 2113 3580 satis
2144 3515 2524 3581 habebimus
2555 3519 2911 3582 inventaria
2942 3519 3202 3582 maioris
3232 3521 3540 3583 momenti

655 3625 900 3686 tantum
956 3617 1260 3682 indicare.
1349 3619 1882 3703 Antiquissimum
1947 3625 2047 3683 cst
2109 3618 2547 3683 Inventarium
2608 3622 2940 3685 continens
2993 3622 3055 3684 in
3102 3643 3171 3686 sc
3218 3623 3431 3686 omnia
3476 3629 3544 3686 et

653 3723 904 3805 singula
949 3722 1117 3786 bona
1169 3728 1236 3786 et
1279 3721 1542 3786 mobilia
1587 3745 1667 3786 ss.
1700 3721 2026 3805 basilicae,
2074 3746 2122 3785 s.
2155 3721 2319 3787 XIV
2364 3745 2466 3787 cx.
2515 3763 2599 3770 —-
2647 3747 2695 3787 s.
2729 3723 2857 3789 XV
2901 3726 3009 3806 in.,
3057 3725 3167 3789 fol.
3202 3729 3236 3789 7
3266 3747 3359 3810 sq.
3407 3724 3538 3810 (ed.

654 3825 1077 3910 Schiaparelli
1120 3848 1181 3910 p.
1217 3829 1342 3889 419
1368 3824 1512 3910 sq.).
1612 3826 1978 3911 Sequuntur
2021 3826 2220 3891 Liber
2263 3829 2395 3892 sive
2443 3828 2870 3891 inventarium
2914 3826 3230 3892 bonorum
3276 3837 3344 3893 et
3387 3830 3540 3893 scri-

653 3936 984 4014 pturarum
1041 3952 1099 3994 a.
1154 3933 1345 4006 1520;
1415 3929 1559 3993 Gio.
1607 3930 1777 3994 Batt.
1837 3930 2175 4013 Tegerone
2238 3930 2674 3995 Inventarium
2743 3931 3025 3994 omnium
3092 3929 3410 3994 bullarum
3478 3937 3544 3996 et

656 4035 927 4098 aliarum
986 4034 1440 4117 scripturarum
1495 4054 1552 4097 a.
1592 4037 1781 4109 1568;
1847 4033 1900 4096 Ι.
1935 4032 2252 4097 Grimaldi
2298 4033 2732 4098 Inventarium
2775 4056 2833 4098 a.
2873 4038 3034 4098 1599
3082 4042 3150 4099 et
3193 4034 3268 4098 P.
3300 4034 3541 4099 Bizono

658 4137 866 4202 Index
925 4137 1239 4202 secundus
1294 4138 1427 4202 sive
1479 4136 1831 4221 Appendix
1891 4135 1974 4200 ad
2034 4136 2350 4200 Grimaldi
2405 4138 2828 4202 inventarium
2876 4161 2931 4202 a.
2973 4142 3155 4204 1618.
3245 4135 3540 4204 Haec'in

657 4243 914 4307 archivo
961 4241 1094 4306 bas.
1143 4264 1191 4304 s.
1225 4241 1423 4305 Petri.
1513 4242 1865 4306 Praeterea
1910 4262 2488 4306 commemoramus
2520 4241 2947 4306 Summarium
2976 4244 3542 4307 instrumentorum

657 4354 722 4410 et
767 4346 1035 4410 aliarum
1082 4346 1536 4429 scripturarum
1583 4345 2029 4408 exsistentium
2085 4345 2148 4407 in
2207 4343 2464 4408 archivo
2525 4343 2660 4408 bas.
2720 4366 2766 4407 s.
2801 4343 3007 4426 Petri,
3067 4367 3115 4408 s.
3148 4344 3340 4426 XVI,
3400 4343 3539 4408 cod.

658 4451 804 4514 Vat.
857 4447 1050 4513 Barb.
1096 4451 1264 4512 2509
1325 4448 1656 4532 (XXXIII
1703 4450 1820 4531 29,
1890 4449 2043 4512 olim
2090 4446 2287 4532 2075)
2355 4453 2422 4512 et
2476 4448 2834 4512 Memoriali
2903 4447 3054 4512 delli
3123 4455 3288 4513 sette
3358 4449 3544 4512 altari

658 4554 1045 4637 privilegiati
1093 4554 1521 4618 anticamente
1568 4554 1739 4617 nella
1785 4552 1896 4617 SS.
1930 4552 2195 4617 basilica
2241 4551 2305 4615 di
2352 4551 2415 4616 S.
2447 4553 2687 4634 Pietr0,
2736 4576 2784 4614 s.
2817 4551 3045 4635 XVII,
3091 4552 3303 4617 Roma
3346 4552 3540 4617 Arch.

657 4658 806 4722 Vat.
838 4658 1017 4723 Arm.
1048 4656 1185 4720 XII
1230 4678 1282 4721 c.
1316 4658 1349 4721 I
1394 4680 1454 4721 n.
1495 4663 1569 4722 16
1618 4656 1728 4743 (cf.
1763 4657 1939 4722 Gfitt.
1971 4656 2207 4721 Nachr.
2248 4661 2407 4721 1903
2454 4679 2516 4741 p.
2552 4660 2631 4721 88
2680 4663 2744 4722 et
2787 4679 2848 4741 p.
2884 4655 3057 4741 515).

872 4787 973 4852 Ι)6
1018 4786 1449 4851 bibliothecae
1496 4810 1546 4850 s.
1579 4787 1758 4852 Petri
1823 4786 2149 4851 codicibus
2193 4807 2250 4849 v.
2284 4786 2719 4850 Inventarium
2773 4786 3056 4850 omnium
3109 4785 3421 4850 bonorum
3480 4792 3546 4851 et

658 4889 964 4954 librorum
1019 4883 1449 4956 bibliothecae
1499 4897 1566 4957 et
1611 4892 1938 4956 sacristiae
1985 4913 2042 4954 a.
2084 4894 2244 4954 1454
2291 4896 2359 4953 et
2409 4894 2570 4952 1455
2605 4887 2715 4972 (cf.
2749 4888 3037 4955 Gottlieb
3083 4875 3261 4955 Uber
3304 4891 3544 4954 mittel-

661 4995 995 5060 alterlichc
1062 4994 1522 5060 Bibliotheken
1588 5019 1649 5080 p.
1700 4996 1882 5080 239);
1958 4994 2393 5058 Inventarium
2456 4992 2762 5057 librorum
2831 4993 3071 5058 archivi
3139 5017 3186 5058 s.
3234 4994 3414 5059 Petri
3480 4995 3545 5057 in

659 5098 1096 5181 Miscellanea,
1128 5121 1176 5163 s.
1209 5098 1429 5178 XVII,
1460 5099 1626 5164 Bibl.
1659 5121 1797 5183 cap.
1833 5098 1899 5162 di
1929 5098 1992 5163 S.
2025 5099 2245 5163 Pietro
2278 5097 2345 5161 H
2376 5101 2451 5161 61
2490 5097 2533 5160 f.
2569 5101 2690 5162 313
2714 5118 2807 5181 sq.
2838 5103 2904 5161 et
2933 5098 2999 5160 in
3029 5096 3170 5161 cod.
3196 5096 3346 5162 Vat.
3377 5097 3542 5183 Reg.

669 5205 853 5287 1598,
900 5225 950 5266 s.
983 5200 1166 5266 XVI.
1270 5202 1526 5268 Indices
1579 5202 1885 5267 librorum
1931 5223 2079 5266 mss.
2128 5199 2368 5265 archivi
2424 5198 2559 5266 bas.
2616 5222 2665 5264 s.
2696 5200 2880 5265 Petri
2938 5199 3084 5265 edd.
3130 5199 3548 5266 Montfaucon
