4065 6049
969 416 1118 470 Mon.
1153 433 1195 469 s.
1223 413 1461 486 Agnetis
1498 413 1572 469 ad
1608 413 1729 469 Duo
1765 412 1927 468 furna
1963 441 2029 452 —
2065 412 2212 467 Eccl.
2249 431 2292 468 s.
2316 411 2528 468 Mariae
2563 410 2808 468 Maioris.
3246 418 3327 479 53

449 596 776 658 tenuatam
823 590 1070 656 eisdem
1117 589 1419 655 fratribus
1463 589 1781 655 subtrahit
1824 595 1891 655 et
1932 588 2275 674 privilegia
2320 587 2565 652 eisdem
2619 586 2701 653 de
2747 587 2887 671 ipsa
2932 587 3206 653 ecclesia
3249 586 3331 650 ab

446 695 720 762 ecclesia
762 695 1060 760 Romana
1105 693 1353 760 indulta
1399 694 1688 760 decernit
1733 695 1798 758 iu
1827 699 2155 778 posterum
2189 691 2430 757 viribus
2460 692 2720 757 omnino
2752 712 2992 757 carere.
3040 728 3121 737 —
3168 691 3332 756 Cum

446 821 529 867 ex
572 800 874 865 iniuncto,
963 798 1115 864 Dat.
1160 800 1304 864 Lat.
1353 801 1391 862 2
1438 797 1571 862 kal.
1617 803 1801 863 mart.
1836 802 2011 882 pont.
2045 818 2106 860 n.
2139 817 2197 862 a.
2233 802 2292 861 6.

650 911 729 981 [0
758 910 803 978 f.
828 917 927 967 206
961 910 1058 979 =]
1103 908 1163 964 D
1192 909 1239 976 s.
1261 913 1378 964 684.
1429 907 1489 963 Ε
1516 908 1560 974 f.
1591 914 1689 964 298
1731 909 1818 973 (α
1850 906 2135 961 Protocou.
2169 907 2268 962 vol.
2297 905 2337 959 Ι
2371 906 2415 973 f.
2440 908 2549 974 20).
2589 903 2651 959 F
2678 907 2722 973 f.
2748 914 2856 962 146.
2939 906 3128 961 Imert.
3168 906 3333 959 Inno-

443 998 611 1055 oentii
647 996 751 1053 111
783 997 960 1052 bullae
995 1014 1046 1050 a.
1072 1001 1200 1051 1198
1233 995 1350 1049 iun.
1376 1001 1474 1051 30:
1523 994 1582 1049 E
1609 993 1653 1061 f.
1678 1000 1783 1050 303
1815 994 1879 1060 (s.
1906 991 2046 1061 dat.)
2078 997 2125 1047 et
2152 992 2203 1048 G
2235 993 2280 1058 f.
2308 1000 2378 1047 65
2413 996 2477 1063 (s.
2502 991 2653 1061 dat).
2692 1023 2758 1032 -—
2793 991 2933 1047 Edd.
2968 992 3153 1046 Nardi
3185 992 3330 1047 Ball.

456 1087 737 1142 Vallombr.
764 1103 825 1155 p.
852 1091 924 1140 85
957 1089 1045 1151 (α
1080 1082 1392 1138 Innocentis·
1426 1081 1532 1135 111
1564 1081 1752 1149 balla).
1824 1079 1992 1134 Lami
2025 1079 2196 1135 Delie.
2231 1078 2384 1135 md.
2420 1086 2549 1135 1737
2572 1097 2633 1148 p.
2658 1086 2757 1134 227
2789 1081 2861 1148 (a.
2905 1079 3003 1148 lv)
3042 1103 3107 1125 =
3144 1078 3333 1149 Miync

448 1174 634 1230 CCVI
651 1179 780 1230 1069
809 1188 865 1227 n.
892 1179 1000 1228 186.
1041 1170 1185 1224 Bau.
1218 1168 1370 1225 Rom.
1395 1167 1478 1223 cd.
1506 1167 1847 1237 Coequelim
1870 1167 2063 1223 11160
2095 1184 2150 1221 n.
2171 1172 2236 1222 23
2258 1168 2345 1235 (ex
2379 1166 2521 1220 arch.
2561 1165 2680 1221 ναι.
2708 1189 2773 1213 =
2799 1166 2881 1231 D)
2910 1190 2972 1212 -=
2999 1166 3149 1221 Bau.
3179 1166 3329 1221 Rom.

441 1260 516 1317 od.
564 1261 729 1317 Taur.
764 1258 870 1314 ΠΙ
891 1265 981 1314 106
1024 1273 1080 1311 n.
1105 1262 1184 1312 23.
1271 1254 1458 1311 Fame
1490 1272 1545 1309 n.
1569 1260 1643 1310 43
1684 1253 1761 1308 ad
1804 1262 1930 1310 1196
1976 1253 2140 1325 april.
2163 1261 2249 1310 30.
2305 1284 2370 1294 —
2431 1253 2590 1324 Reyq.
2628 1253 2682 1309 J.
2719 1260 2896 1309 10506.
2932 1252 3041 1308 JL.
3072 1261 3225 1308 17194
3261 1251 3336 1306 ad

445 1357 564 1405 1195
593 1349 700 1416 [ὠ.
728 1353 816 1403 28.

1096 1549 1610 1621 nonasterium
1656 1565 1715 1616 s.
1745 1548 2049 1633 Agnetis
2094 1547 2184 1616 ad
2227 1518 2384 1616 Duo
2429 1548 2671 1616 furna.

657 1711 1002 1796 Grimaldi,
1069 1709 1418 1777 Martinelli
1441 1760 1458 1792 ‚
1520 1709 1864 1775 Duchesne
1921 1707 2162 1793 aliique
2220 1708 2466 1792 opinati
2534 1713 2709 1790 sunt,
2777 1706 2901 1771 hoc
2954 1728 3003 1770 s.
3059 1704 3332 1791 Agnetis

440 1817 899 1882 monasterium
946 1837 1008 1902 q.
1041 1836 1190 1900 app.
1264 1814 1413 1879 Duo
1460 1813 1666 1896 furna,
1710 1813 2108 1877 nominatum
2141 1833 2399 1897 quoque
2444 1812 2510 1875 iu
2539 1811 2696 1876 Vita
2723 1811 2963 1875 Leonis
3007 1808 3111 1872 III
3159 1807 3329 1894 (Lib.

442 1920 669 2007 pontif.
708 1919 808 1985 ed.
840 1919 1184 1984 Duchesne
1230 1918 1299 1982 II
1331 1915 1463 2002 24),
1508 1917 1618 1982 ubi
1662 1916 1963 2002 legimus:
2016 1916 2336 2000 „oratorio
2382 1921 2641 1980 sanctae
2673 1915 2947 1999 Agnetis
2993 1914 3101 1998 qui
3146 1913 3330 1997 poni-

443 2033 546 2091 tur
596 2026 665 2089 in
716 2023 1106 2089 monasterio
1161 2023 1270 2107 qui
1329 2021 1693 2106 appellatur
1735 2020 1882 2085 Duo
1938 2019 2187 2099 furna“‚
2256 2020 2450 2084 situm
2515 2018 2711 2084 fuisse
2766 2019 2831 2082 in
2892 2018 3156 2102 Agone‚
3221 2015 3332 2081 ubi

442 2129 716 2195 ecclesia
760 2151 809 2193 s.
855 2128 1148 2213 Agnetis.
1246 2124 1377 2191 Sed
1434 2132 1506 2190 ut
1558 2124 1915 2190 luculenter
1965 2128 2241 2208 apparet
2296 2145 2380 2189 ex
2439 2123 2664 2188 charta
2715 2120 2997 2208 quadam
3060 2141 3226 2185 saec.
3268 2119 3333 2184 X

442 2255 546 2298 ex.
605 2234 670 2296 in
722 2231 982 2298 archivo
1036 2252 1086 2295 s.
1135 2228 1452 2295 Praxedis
1509 2235 1803 2294 exstante
1859 2226 1989 2314 (ed.
2046 2226 2290 2292 Fedele
2353 2228 2419 2291 in
2470 2226 2666 2292 Arch.
2728 2225 2901 2291 della
2953 2224 3097 2290 Soc.
3140 2222 3329 2289 Rom.

440 2337 706 2403 XXVII
738 2340 822 2401 40
866 2357 927 2400 n.
961 2333 1051 2420 2),
1097 2355 1292 2421 quam
1322 2333 1695 2419 subscripsit
1728 2332 2091 2418 „Iohannes
2122 2330 2638 2417 archipresbyter
2679 2351 2851 2395 mon.
2884 2351 2965 2393 ss.
2999 2329 3330 2395 Laurentii

439 2448 636 2527 atque
668 2439 937 2505 Adriani
978 2458 1098 2504 nec
1132 2459 1261 2503 non
1304 2444 1371 2503 et
1414 2460 1495 2501 ss.
1528 2435 1845 2502 Praxedis
1875 2443 1943 2502 et
1971 2436 2246 2520 Agnetis
2291 2457 2352 2521 q.
2384 2456 2533 2520 app.
2569 2434 2750 2499 Duas
2780 2433 3062 2518 furnas“,
3107 2453 3329 2497 mona-

439 2546 705 2611 sterium
749 2543 834 2610 ad
876 2542 1024 2608 Duo
1069 2542 1256 2607 furna
1287 2542 1650 2627 proximum
1695 2540 1816 2604 fuit
1860 2539 2173 2605 ecclesiae
2220 2561 2269 2603 s.
2302 2538 2620 2604 Praxedis
2664 2536 2774 2622 (cf.
2809 2538 3004 2603 etiam
3042 2537 3331 2602 chartam

439 2649 723 2715 Deodati
768 2646 940 2713 card.
990 2648 1082 2712 tit.
1132 2668 1213 2710 ss.
1245 2644 1562 2710 Praxedis
1608 2650 1675 2710 et
1716 2645 1990 2730 Agnetis
2040 2665 2100 2728 q.
2148 2664 2298 2728 app.
2344 2642 2492 2708 Dua
2538 2643 2724 2707 furna
2754 2662 2811 2706 a.
2851 2643 3008 2707 1091
3046 2661 3191 2725 aug.
3231 2643 3329 2724 18,

443 2754 545 2819 ed.
590 2752 834 2819 Fedele
879 2753 921 2817 l.
964 2772 1016 2816 c.
1063 2773 1125 2836 p.
1171 2753 1251 2815 62
1297 2771 1358 2814 n.
1410 2749 1537 2835 10).
1620 2747 1938 2814 Exstabat
2000 2749 2132 2812 iam
2185 2768 2353 2812 saec.
2386 2746 2555 2813 VIII
2598 2744 2687 2832 (n.
2730 2744 2811 2832 1).
2902 2745 3000 2811 cf.
3046 2744 3330 2809 Adinolfi

439 2858 508 2922 ΙΙ
542 2860 688 2922 218.
779 2855 1119 2921 Armellini
1171 2854 1281 2940 ¹p.
1323 2859 1469 2931 1053
1528 2853 1642 2938 ²p.
1675 2856 1821 2919 236.
1872 2852 1947 2917 P.
1993 2851 2239 2917 Fedele
2284 2852 2430 2917 Una
2476 2852 2813 2937 questione
2859 2849 2926 2914 di
2971 2848 3332 2935 topografia

439 2981 710 3028 romana
752 2958 1116 3027 medievale
1161 2959 1228 3022 in
1270 2956 1507 3023 Bullet.
1555 2957 1727 3023 della
1772 2955 1914 3022 Soc.
1961 2955 2287 3040 filologica
2329 2953 2627 3020 Romana
2671 2953 2777 3018 III
2812 2959 2911 3020 10.

436 3170 473 3208 ξ
1513 3168 1520 3174 .

439 3173 860 3358 Glregorius
905 3272 974 3336 II
1028 3272 1202 3337 locat
1253 3270 1645 3335 monasterio
1690 3290 1739 3333 s.
1776 3269 2048 3355 Agnetis
2094 3290 2156 3354 q.
2201 3267 2262 3332 d.
2309 3266 2457 3332 Duo
2504 3267 2690 3331 furna
2736 3161 3329 3331 masgrfiisslis

440 3384 508 3444 et
554 3397 834 3442 massam
886 3375 1268 3459 Sestiauam‚
1312 3382 1619 3459 utrasque
1662 3374 2034 3458 patrimonii
2082 3372 2357 3458 Appiae.

648 3486 943 3543 Ikuaioait
977 3486 1066 3542 zib.
1093 3486 1196 3540 ΙΙΙ
1222 3501 1268 3540 c.
1292 3491 1393 3540 239
1436 3500 1504 3540 ex
1546 3483 1769 3552 rcyislro
1807 3482 2061 3554 Gregorii
2095 3481 2358 3546 iuniori&
2398 3481 2632 3536 Albinus
2666 3480 2751 3535 lib.
2781 3480 2854 3534 X.
2894 3509 2957 3519 —
2995 3480 3140 3534 Edd.
3167 3480 3326 3533 Mar-

440 3575 636 3630 tinuoci
662 3592 722 3644 p.
748 3582 866 3632 324.
928 3574 1082 3640 Wolf
1096 3589 1140 3628 v.
1171 3572 1414 3627 Glanvcll
1426 3587 1485 3639 p.
1513 3576 1627 3627 370.
1683 3569 2175 3625 Fabro-Duchesne
2200 3568 2236 3623 1
2260 3574 2357 3624 352
2378 3573 2487 3624 not.
2514 3597 2577 3608 —
2605 3567 2763 3637 Bw·
2787 3567 2843 3622 J.
2867 3572 3011 3623 1703.
3044 3566 3160 3623 JE.
3186 3572 3326 3622 2216.

820 3669 889 3725 cf.
928 3668 1168 3736 Latium,
1206 3665 1607 3724 Patrimonium
1644 3664 1883 3737 Appiae.
2882 3646 2890 3653 '

1342 3977 1664 4048 Ecclesia
1707 3993 1765 4044 s.
1797 3975 2065 4046 Martae
2112 3975 2430 4045 Halorls.

1487 4099 1693 4170 (Santa
1727 4098 1910 4154 Maria
1944 4096 2275 4169 Maggiore.)

649 4237 965 4308 Descriptio
1013 4236 1318 4294 sanctuarii
1363 4257 1404 4292 s.
1432 4234 1822 4293 Lateranensis
1865 4233 2135 4291 ecclesiae
2187 4236 2418 4291 anctore
2466 4233 2661 4304 ignoto
2704 4252 2846 4290 saec.
2874 4233 2951 4288 XI
2988 4235 3094 4302 (ed.
3132 4234 3327 4307 Giorgi

443 4327 524 4382 De
562 4324 798 4397 liturgia
837 4325 993 4381 Rom.
1027 4323 1225 4395 pontif.
1254 4324 1464 4380 111552
1486 4325 1605 4393 sq.).
1630 4354 1699 4365 —
1735 4321 2066 4379 Iohannis
2102 4321 2246 4376 diac.
2284 4321 2612 4377 Lateranen.
2651 4320 2816 4377 Liber
2850 4321 2920 4377 de
2954 4321 3166 4377 sanctis
3200 4340 3323 4377 san·

444 4418 662 4470 ctorum
696 4411 814 4469 sive
851 4411 1099 4468 Libellus
1135 4412 1203 4467 de
1240 4409 1477 4467 basilica
1514 4407 1876 4466 Lateranensi
1910 4426 1953 4464 s.
1985 4408 2093 4463 XII
2130 4425 2176 4463 c.
2211 4407 2314 4462 XV
2350 4407 2496 4474 (edd.
2533 4406 2806 4463 Mabillon
2830 4408 2969 4463 Mus.
2995 4407 3116 4464 ital.
3144 4409 3196 4463 ΙΙ
3220 4410 3324 4465 573

445 4524 508 4546 =
545 4499 736 4571 Migne
774 4498 994 4555 CXCIV
1035 4499 1303 4568 1557sq.).
1351 4527 1415 4537 —
1468 4497 1533 4555 Ο.
1559 4494 1887 4552 Pauvinii
1930 4496 2012 4552 De
2058 4493 2377 4566 praecipuis
2421 4494 2589 4549 Urbis
2634 4493 2884 4550 basilicis
2930 4513 2986 4566 p.
3012 4495 3219 4566 234⁸q.
3256 4528 3323 4536 —

439 4587 721 4642 Serrano
747 4605 801 4656 p.
824 4587 891 4640 95
916 4604 997 4656 sq.
1021 4615 1089 4627 —-
1113 4583 1378 4656 Ugonio
1402 4583 1440 4639 s.
1465 4584 1550 4639 64‘
1574 4603 1656 4654 sq.
1680 4612 1749 4623 —
1774 4579 2131 4638 Panciroli
2159 4584 2247 4652 ¹p.
2270 4581 2490 4650 516sq.;
2531 4584 2553 4615 ²
2571 4600 2625 4653 p.
2650 4581 2752 4636 249
2775 4599 2859 4650 sq.
2885 4613 2950 4622 —
2977 4581 3240 4640 Trattato
3264 4583 3324 4637 di

440 4673 613 4729 Mons.
649 4672 904 4729 Sir-leto
939 4689 1105 4742 sopra
1138 4670 1198 4726 la
1219 4669 1407 4726 nobile
1433 4669 1624 4725 chiesa
1647 4669 1705 4724 di
1742 4669 1795 4725 S.
1821 4667 2001 4724 Maria
2026 4667 2317 4739 Maggiore
2351 4666 2410 4722 di
2439 4667 2630 4731 Roma,
2668 4687 2711 4722 s.
2735 4666 2896 4721 XVII
2934 4668 3130 4738 [Roma
3156 4670 3321 4724 Arch.

444 4759 569 4816 Vat.
590 4758 747 4815 Misc.
767 4759 915 4814 Arm.
943 4758 994 4813 II
1020 4762 1060 4814 t.
1079 4759 1176 4823 24;
1213 4756 1361 4813 Bibl.
1380 4756 1481 4813 Pio
1505 4761 1547 4813 t.
1569 4757 1667 4812 169
1692 4756 1728 4811 f.
1753 4757 1816 4810 71
1832 4773 1938 4824 sq.;
1976 4754 2097 4811 cod.
2115 4754 2245 4809 Vat.
2270 4753 2436 4809 Barb.
2455 4754 2560 4809 864
2583 4753 2735 4821 (XVI
2757 4754 2872 4824 71);
2900 4755 3019 4811 cod.
3039 4754 3167 4810 Vat.
3188 4754 3321 4811 Urb.

443 4847 542 4902 859
577 4847 615 4902 f.
655 4846 751 4902 129
775 4864 887 4916 sq.;
936 4843 1076 4915 alii].
1124 4875 1191 4885 —
1237 4844 1299 4899 P.
1337 4844 1418 4899 De
1455 4842 1744 4914 Angelis
1779 4841 2058 4897 Basilicas
2102 4859 2144 4895 s.
2181 4839 2392 4896 Mariae
2438 4839 2667 4896 Maioris
2711 4841 2778 4897 de
2823 4840 2975 4897 Urbe
3020 4858 3056 4896 a
3102 4840 3324 4896 Liberio

444 4949 592 5003 papa
629 4933 654 4986 I
690 4949 864 5001 usque
915 4932 987 4987 ad
1025 4931 1260 4987 Paulum
1297 4930 1347 4985 V
1385 4930 1447 4985 P.
1472 4930 1545 4985 M.
1583 4928 1886 5000 descriptio
1934 4931 1993 4984 et
2041 4926 2346 4983 delineatio
2382 4926 2614 4996 (Romae
2652 4927 2822 4996 1621).
2872 4957 2931 4967 -
2983 4926 3321 4983 Seven-ano

444 5037 496 5089 p.
519 5019 622 5075 689
645 5037 727 5088 sq.
765 5047 828 5057 —
864 5017 1253 5074 Mai-tinelli
1289 5035 1344 5087 p.
1369 5016 1487 5072 223.
1523 5046 1590 5055 —
1630 5016 1693 5071 A.
1719 5015 1792 5070 M.
1818 5012 2202 5070 Santarelli
2241 5013 2505 5070 Memoris
2541 5012 2780 5068 notabili
2805 5012 2955 5069 della
2979 5012 3217 5069 basilica
3256 5012 3315 5066 di

446 5106 494 5161 S.
531 5106 715 5161 Maria
763 5103 1054 5176 Maggiore
1091 5108 1197 5160 etc.
1235 5104 1433 5168 (Roma
1470 5103 1642 5171 1647).
1692 5132 1751 5142 —
1795 5100 1917 5156 Gio.
1953 5101 2107 5157 Batt.
2144 5099 2540 5156 Vaccondio
2585 5098 2808 5155 Notizie
2859 5099 3123 5156 istoriche
3174 5099 3319 5155 delle

444 5196 667 5262 quattro
703 5190 976 5248 basiliche
1013 5210 1067 5263 p.
1093 5192 1193 5247 177
1206 5209 1289 5261 sq.
1326 5220 1394 5231 -
1430 5189 1676 5245 Piazza
1711 5207 1766 5261 p.
1790 5189 1895 5245 339
1918 5206 2000 5258 sq.
2026 5218 2091 5228 —-
2129 5187 2188 5243 C.
2218 5186 2473 5245 Batelli
2507 5185 2704 5243 Brevis
2727 5186 3008 5243 enarratio
3035 5204 3314 5242 sacrorum
