4065 6049
1611 498 1817 556 Schola
1852 502 2160 556 cantorum.
3249 505 3327 567 17

1537 877 1801 948 Schola
1843 881 2242 949 cantorum.

645 1033 784 1090 And.
822 1033 1059 1089 Adami
1107 1032 1491 1089 Osservazioni
1537 1051 1638 1104 per
1680 1034 1789 1090 ben
1832 1035 2088 1106 regolare
2141 1035 2183 1089 il
2244 1052 2371 1091 coro
2416 1035 2484 1093 de
2530 1035 2550 1090 i
2600 1037 2817 1093 cantori
2867 1036 3016 1094 della
3061 1038 3325 1110 cappella

441 1119 732 1192 pontificia
766 1121 854 1190 (In
890 1120 1067 1176 Roma
1103 1122 1276 1187 1711).
1324 1152 1389 1161 —-
1444 1120 1504 1177 P.
1537 1120 1821 1177 Moretti
1867 1120 2034 1177 Ritus
2080 1121 2252 1178 dandi
2301 1123 2712 1193 presbyterium
2747 1142 2802 1195 p.
2827 1125 2896 1179 58
2927 1142 3009 1195 sq.
3057 1154 3122 1165 —
3169 1124 3328 1182 Dcm.

440 1206 681 1280 Giorgi
715 1207 798 1263 De
836 1205 1073 1279 liturgia
1109 1207 1261 1262 Rom.
1300 1208 1579 1278 pontificis
1616 1208 1665 1263 11
1704 1226 1759 1280 p.
1786 1208 1909 1264 CVI
1933 1227 2015 1279 sq.
2054 1242 2120 1251 -
2165 1209 2322 1267 Gius.
2357 1210 2740 1268 Santarelli
2781 1212 3182 1269 Informazione
3217 1213 3327 1269 sul-

442 1293 697 1365 l'origine
733 1292 818 1349 de'
844 1294 1059 1350 cantori
1094 1294 1388 1365 pontificii,
1424 1312 1651 1350 numero
1688 1312 1718 1350 e
1757 1294 2063 1351 variationi
2099 1296 2301 1362 (Roma
2340 1297 2514 1366 1761).
2553 1328 2613 1338 —
2655 1298 2742 1355 Fr.
2781 1297 3214 1355 Cancellieri
3250 1300 3333 1355 De

438 1378 752 1436 secretariis
798 1380 1002 1435 veteris
1048 1380 1318 1437 basilicae
1356 1380 1665 1438 vaticanae
1714 1382 1767 1436 11
1798 1382 1900 1438 727
1932 1400 2014 1452 sq.
2069 1412 2136 1423 -·
2189 1383 2250 1439 E.
2289 1383 2563 1440 Schelle
2597 1383 2701 1440 Die
2739 1384 3062 1456 papstliche
3096 1385 3330 1458 Sanger·

438 1467 631 1522 schule
681 1466 740 1521 in
786 1465 926 1521 Rom
971 1466 1063 1533 (W
1069 1466 1157 1523 ien
1198 1467 1365 1536 1872).
1421 1497 1483 1508 -
1538 1468 1597 1524 F.
1626 1468 1691 1522 X.
1721 1469 1975 1525 Haberl
2022 1469 2324 1525 Bausteine
2371 1471 2460 1525 fur
2506 1470 3025 1543 Musikgeschichte
3062 1473 3171 1527 111:
3226 1473 3331 1529 Die

437 1553 712 1610 romische
757 1553 964 1609 Schola
1010 1558 1300 1610 cantorum
1352 1558 1460 1610 etc.
1520 1554 1579 1610 in
1629 1554 2172 1626 Vierteliahrschrist
2230 1557 2319 1611 fflr
2374 1556 2956 1615 Musikwissenschaft
3002 1559 3082 1614 111
3132 1558 3333 1630 (1887).

440 1671 505 1680 -
544 1639 605 1695 Ρ.
636 1641 712 1696 Μ.
748 1640 957 1696 Baum
970 1644 1221 1711 garten
1272 1640 1628 1697 Primicerius
1681 1644 1743 1698 et
1795 1642 2001 1698 Schola
2057 1648 2344 1700 cantorum
2402 1642 2569 1698 Urbis
2621 1643 2680 1699 in
2736 1643 2974 1716 Compte
3027 1645 3203 1701 rendu
3256 1645 3333 1701 du

440 1726 750 1796 quatrierne
793 1731 1024 1800 congre-s
1069 1729 1417 1799 scientiflque
1462 1729 1867 1786 international
1913 1730 2011 1786 des
2047 1729 2400 1800 catholiques
2435 1734 2569 1787 tenu
2605 1749 2641 1787 a
2677 1732 2952 1805 Fribourg
2989 1732 3122 1790 1897
3158 1732 3328 1804 (Frei-

438 1813 582 1887 burg
617 1814 654 1869 i.
688 1814 868 1871 Schw.
908 1815 1080 1885 1898).

657 2029 893 2097 Schola
937 2037 1289 2110 cantorum,
1337 2037 1501 2097 teste
1547 2030 1836 2096 Iohanne
1884 2029 2048 2095 diac.
2096 2031 2160 2095 in
2191 2030 2345 2096 Vita
2389 2028 2688 2116 Gregorii
2733 2031 2821 2097 M.
2867 2029 3007 2117 (lib.
3040 2030 3109 2096 ΙῙ
3153 2053 3207 2097 0.
3241 2032 3332 2117 6),

442 2159 481 2202 a
525 2135 908 2222 Gregorio
954 2134 988 2198 Ι
1032 2136 1376 2201 constituta
1421 2141 1538 2221 est,
1585 2136 1693 2221 qui
1740 2136 1801 2201 ei
1852 2156 2036 2218 „cum
2081 2134 2400 2200 nonnullis
2443 2135 2726 2221 praediis
2772 2135 2898 2202 duo
2945 2135 3333 2221 habitacula,

441 2241 687 2307 scilicet
738 2240 1012 2306 alterum
1068 2240 1185 2304 sub
1238 2239 1545 2326 gradibus
1598 2238 1904 2306 basilicae
1962 2238 2023 2304 b.
2068 2240 2248 2305 Petri
2307 2240 2613 2325 apostoli,
2675 2239 2949 2305 alterum
3005 2260 3158 2306 vero
3215 2240 3333 2306 sub

442 2345 895 2410 Lateranensis
939 2344 1308 2429 patriarchii
1355 2342 1651 2409 domibus
1696 2342 2097 2409 fabricavit“.
2173 2341 2305 2408 Sed
2350 2342 2609 2408 ubinam
2657 2343 2884 2408 domus
2928 2343 3090 2409 haec
3135 2344 3332 2409 Late-

444 2451 729 2514 ranensis
766 2454 1071 2532 exstaret,
1104 2447 1432 2534 disputant
1461 2450 1578 2513 viri
1611 2449 1862 2514 eruditi.
1926 2446 2267 2514 Armellini
2298 2445 2423 2532 (Le
2454 2447 2671 2513 chiese
2704 2447 2768 2512 di
2800 2447 3010 2513 Roma
3039 2449 3064 2489 ¹
3089 2469 3150 2533 p.
3177 2452 3332 2527 619;

448 2553 554 2639 ²p.
594 2554 744 2639 105)
789 2561 991 2638 putat,
1039 2574 1184 2619 eam
1230 2555 1418 2618 sitam
1464 2553 1660 2619 fuisse
1707 2555 1771 2618 in
1816 2554 2206 2619 monasterio
2252 2575 2301 2618 s.
2336 2551 2646 2637 Stephani
2692 2554 2871 2618 iuxta
2916 2553 3333 2639 Lateranum,

444 2657 787 2723 Duchesne
820 2657 989 2743 (Lib.
1022 2657 1249 2743 pontif.
1282 2658 1352 2722 II
1389 2661 1507 2723 102
1554 2663 1686 2723 not.
1725 2656 1834 2743 18)
1877 2659 1942 2721 in
1987 2659 2093 2723 via
2122 2655 2479 2722 Merulana.
2556 2656 2861 2722 Ceterum
2907 2657 3129 2722 schola
3172 2657 3335 2724 haec

436 2769 773 2827 cantorum
820 2764 1095 2827 occurrit
1139 2764 1337 2827 etiam
1385 2763 1449 2826 in
1492 2761 1646 2827 Vita
1692 2761 1901 2847 Sergii
1943 2761 2011 2825 II
2059 2760 2127 2846 (1.
2163 2782 2217 2826 0.
2251 2760 2320 2825 II
2355 2761 2500 2846 92),
2560 2761 2668 2846 qui
2725 2781 2871 2826 eam
2926 2782 3085 2846 prae
3137 2762 3335 2827 nimia

436 2873 754 2932 vetustate
809 2888 1017 2952 paene
1075 2868 1137 2931 in
1194 2868 1376 2932 ruina
1432 2867 1710 2951 positam
1768 2886 1844 2929 ac
1914 2865 2309 2930 confractam
2382 2865 2794 2950 restauravit,
2860 2873 2927 2930 et
2986 2867 3336 2931 oratorium

439 2969 496 3035 b.
552 2969 865 3057 Stephani
909 2972 973 3037 in
1021 2972 1160 3058 ipsa
1205 2971 1427 3037 schola
1473 2969 1720 3037 ditavit.
1809 2969 1967 3055 Hic,
2029 2971 2398 3056 pariterque
2444 2970 2509 3034 in
2564 2968 2813 3036 duobus
2869 2970 3092 3057 primis
3140 2969 3338 3037 docu-

438 3077 689 3158 mentis,
738 3097 904 3161 quae
959 3083 1337 3162 sequuntur,
1385 3076 1645 3141 scholae
1693 3075 1904 3141 eidem
1970 3097 2207 3140 nomen
2265 3074 2566 3140 indicitur
2624 3074 3337 3161 orphanotrophei.

442 3177 716 3263 „Schola
760 3186 1126 3262 cantorum,
1192 3200 1360 3264 quae
1405 3178 1655 3264 pridem
1703 3178 2385 3264 orphanotrophium“,
2442 3177 2719 3263 denique
2766 3180 3043 3243 occurrit
3087 3180 3150 3243 in
3182 3179 3338 3245 Vita

439 3283 750 3370 Stephani
784 3284 844 3350 V
890 3283 960 3370 (l.
994 3304 1047 3349 c.
1083 3283 1152 3347 II
1189 3284 1359 3369 195).
1449 3283 1551 3348 De
1599 3282 1827 3349 eadem
1887 3283 2109 3348 schola
2155 3284 2235 3348 cf.
2283 3283 2480 3348 etiam
2525 3282 2715 3348 Pauli
2761 3281 2795 3345 Ι
2853 3281 3196 3367 epistolam
3253 3282 3339 3348 ad

440 3388 739 3474 Pipinum
784 3408 1006 3473 regem
1036 3387 1431 3453 Francorum
1463 3386 1653 3472 (Ood.
1687 3388 1966 3454 Carolin.
2001 3409 2104 3473 ep.
2139 3392 2213 3453 41
2267 3388 2331 3452 in
2362 3386 2537 3452 Mon.
2571 3384 2792 3451 Germ.
2838 3385 3005 3472 Epp.
3038 3385 3144 3450 III
3177 3390 3334 3452 553:

438 3492 556 3559 JE.
607 3492 828 3577 2371).
939 3493 1099 3559 Post
1143 3514 1309 3558 saec.
1351 3492 1416 3557 X
1459 3491 1647 3557 huius
1708 3492 2253 3577 orphanotrophei
2314 3490 2693 3557 memoriam
2748 3489 2991 3555 nullam
3052 3491 3336 3575 reperire

437 3598 635 3682 potui.
714 3594 847 3661 Sed
902 3597 1334 3683 primicerium
1388 3596 1657 3680 eiusque
1715 3594 2003 3659 scholam
2062 3600 2395 3659 cantorum
2454 3596 2710 3681 saepius
2753 3595 3112 3659 invenimus
3159 3602 3227 3660 et
3270 3596 3335 3658 in

439 3701 682 3766 Ordine
726 3700 1023 3766 Romano
1080 3706 1147 3765 et
1204 3701 1269 3764 in
1314 3698 1510 3764 Libro
1555 3699 1928 3783 pontificali.
2018 3700 2156 3764 Leo
2222 3699 2623 3784 primicerius
2677 3697 2941 3764 scholae
3002 3704 3334 3763 cantorum

438 3812 832 3872 memoratur
860 3806 923 3869 in
956 3804 1225 3870 concilio
1256 3804 1551 3869 Romano
1585 3825 1643 3868 a.
1678 3807 1802 3868 963
1836 3801 2245 3888 (Liutprandi
2277 3802 2445 3867 Hist.
2481 3803 2736 3867 Ottonis
2769 3801 2803 3865 I
2849 3822 2903 3866 c.
2937 3802 3034 3887 9);
3081 3823 3139 3866 a.
3171 3805 3335 3866 1118

438 3910 500 3974 in
547 3909 864 3975 electione
910 3907 1154 3974 Gelasii
1189 3908 1257 3971 II
1302 3907 1509 3973 adfuit
1540 3906 1847 3972 Nicolaus
1878 3908 2278 3992 primicerius
2323 3907 2582 3971 scholae
2628 3911 2981 3989 cantorum,
3028 3905 3334 3991 idemque

437 4012 676 4077 Calixti
708 4012 776 4075 II
822 4012 1203 4078 electionem
1249 4010 1715 4096 subscriptione
1748 4032 1864 4075 sua
1894 4010 2305 4095 approbavit;
2352 4032 2409 4075 a.
2449 4012 2612 4075 1123
2661 4011 2787 4078 ian.
2826 4016 2846 4074 1
2906 4009 3232 4075 Galixtum
3264 4008 3335 4073 ῙΙ

437 4137 579 4181 011111
629 4115 1059 4181 cardinalibus
1103 4123 1170 4180 et
1210 4116 1381 4181 clero
1413 4115 1708 4180 Romano
1750 4113 2173 4201 omnibusque
2203 4114 2746 4180 Lateranensibus
2792 4114 3026 4180 scholis
3072 4113 3332 4179 sollem-

438 4221 604 4285 niter
658 4220 1001 4285 stationem
1066 4221 1130 4284 in
1185 4220 1460 4285 ecclesia
1518 4243 1567 4284 s.
1612 4220 1858 4284 Mariae
1922 4225 2097 4284 trans
2158 4218 2443 4284 Tiberim
2499 4218 2895 4304 celebrasse,
2949 4219 3224 4304 legimus
3268 4219 3333 4281 in

437 4324 497 4388 N
500 4322 826 4408 ecrclogio
859 4325 1046 4389 huius
1076 4325 1389 4390 ecclesiae
1421 4322 1551 4409 (ed.
1585 4325 1758 4389 Mon.
1793 4322 2013 4389 Germ.
2050 4323 2183 4389 Scr.
2216 4324 2382 4389 XIX
2413 4324 2588 4410 273).
2663 4323 2744 4387 A.
2786 4326 2949 4388 1159
2993 4320 3332 4406 Nymphis,

437 4429 544 4493 ubi
590 4427 951 4494 Alexandri
985 4427 1086 4491 III
1133 4430 1528 4494 consecratio
1576 4428 1902 4494 celebrata
1933 4429 2074 4512 fuit,
2121 4428 2409 4494 interfuit
2440 4448 2696 4515 quoque
2742 4427 3142 4512 primicerius
3188 4446 3333 4490 cum

439 4533 659 4598 schola
726 4540 1076 4598 cantorum.
1190 4533 1492 4619 Sequitur
1558 4532 1917 4598 Alexandri
1985 4531 2091 4597 III
2169 4534 2549 4618 rescriptum
2617 4530 2700 4596 ad
2768 4530 3202 4617 primicerium
3268 4535 3336 4594 et

438 4637 706 4703 clericos
768 4636 1031 4702 scholae
1092 4645 1423 4703 cantorum
1481 4637 1570 4719 (n.
1605 4639 1693 4724 3).
1791 4637 2056 4703 Eisdem
2116 4636 2478 4703 Celestinus
2531 4637 2636 4702 III
2703 4636 3109 4722 privilegium
3181 4656 3332 4699 con-

440 4744 627 4807 cessit
683 4743 774 4826 (n.
815 4742 916 4828 4),
987 4741 1158 4827 quod
1226 4741 1552 4807 Honorius
1613 4742 1717 4806 III
1794 4764 1851 4807 a.
1906 4745 2070 4807 1219
2141 4740 2326 4827 april.
2373 4745 2457 4807 20
2513 4741 2845 4827 (Potthast
2900 4744 3101 4816 6045;
3180 4737 3327 4803 edd.

440 4845 676 4910 Adami
742 4868 806 4930 p.
850 4846 1053 4910 XXII
1117 4855 1183 4912 et
1229 4847 1490 4912 Moretti
1560 4869 1621 4932 p.
1673 4847 1787 4932 60)
1855 4852 1921 4911 et
1973 4846 2386 4910 Innocentius
2441 4846 2537 4911 IV
2593 4868 2651 4911 a.
2698 4849 2863 4911 1250
2930 4865 3074 4910 nov.
3117 4849 3155 4909 5
3221 4843 3330 4929 (cf.

443 4952 633 5016 etiam
694 4949 998 5016 Potthast
1055 4952 1290 5037 14076)
1346 4951 1816 5016 confirmarunt.
1920 4949 2187 5015 Addere
2245 4949 2526 5036 denique
2589 4952 2766 5015 iuvat
2818 4949 3329 5029 conventionem,

444 5078 605 5141 quae
650 5080 710 5123 a.
750 5059 913 5123 1232
961 5057 1127 5121 inter
1169 5057 1674 5121 Later-anensem
1722 5053 2063 5119 ecclesiam
2118 5062 2183 5119 et
2237 5055 2668 5139 primicerium
2715 5052 3132 5138 scholamque
3178 5071 3328 5115 can-

444 5168 647 5227 torum
694 5163 853 5227 inita
899 5161 1020 5226 fuit
1062 5159 1240 5246 (edd.
1279 5159 1568 5245 Rasponi
1615 5159 1716 5224 De
1761 5158 2027 5223 basilica
2075 5164 2142 5223 01
2186 5158 2573 5244 patriarchio
2607 5158 3027 5224 Lateranensi
3075 5177 3138 5240 p.
3177 5157 3327 5229 119;

445 5264 749 5330 Mabillon
794 5266 958 5331 Mus.
1004 5266 1071 5329 it.
1107 5263 1174 5328 Π
1207 5267 1368 5341 220;
1414 5264 1676 5329 Moretti
1721 5285 1783 5348 p.
1821 5263 1951 5348 40).

540 5386 709 5440 Kehr,
736 5386 870 5430 Italia
894 5385 1122 5441 pontificia
1150 5389 1185 5428 1.
2985 5363 3020 5416 2
