4065 6049
794 458 875 519 92
2149 450 2342 506 Roma.

793 634 835 693 7
3176 633 3346 693 1188
3390 630 3529 697 iun.
3560 637 3602 695 6

790 734 1064 800 Alexius
1130 735 1225 799 tit.
1294 757 1343 799 s.
1402 735 1732 800 Susannae
1798 731 2008 816 presb.
2079 737 2146 797 et
2212 731 2534 796 Iohannes
2601 755 2650 798 s.
2700 732 3026 798 Theodori
3092 733 3255 800 diac.
3326 736 3688 803 cardinales

793 840 1172 904 auctoritate
1221 845 1287 903 et
1317 838 1621 903 mandato
1668 836 2097 901 Clementis
2129 836 2233 900 III
2278 838 2371 918 (n.
2408 838 2479 919 6)
2523 844 2590 903 et
2620 838 3039 903 cardinalium
3073 860 3385 905 consensu
3430 849 3684 907 senten-

793 945 948 1008 tiam
994 965 1033 1008 a
1077 942 1432 1009 rectoribus
1458 943 1796 1009 Romanae
1828 942 2249 1007 fraternitatis
2293 943 2386 1022 (n.
2418 944 2493 1025 2)
2524 942 2842 1026 prolatam
2874 942 3105 1007 falsam
3150 963 3292 1008 esse
3339 951 3405 1010 et
3447 944 3688 1010 viribus

792 1069 1011 1113 carere
1044 1047 1329 1113 iudicant
1358 1049 1736 1132 clericisque
1768 1045 1846 1131 (s.
1882 1047 2247 1132 Triphonis‚
2279 1069 2327 1111 s.
2360 1047 2422 1111 N
2425 1047 2613 1111 icolai
2647 1047 2730 1111 de
2761 1047 3106 1113 Praefecto
3153 1053 3220 1113 et
3251 1070 3301 1112 s.
3333 1047 3686 1116 Salvatoris

792 1152 873 1218 de
919 1152 1109 1239 Sere)
1153 1153 1419 1216 incisam
1466 1151 1632 1217 tradi
1678 1151 1918 1217 iubent.
2130 1238 2133 1241 .

996 1263 1066 1318 A.
1127 1263 1213 1333 [B
1241 1263 1420 1318 {mv-t.
1457 1263 1519 1317 in
1554 1280 1609 1318 η
1637 1269 1689 1319 s.
1742 1264 1866 1329 Df·
1890 1264 2060 1333 2887.
2098 1291 2163 1303 -
2202 1262 2334 1333 Rea.
2371 1262 2478 1317 π..
2518 1292 2599 1319 -.

791 1388 835 1449 8
2802 1386 3129 1451 Laterano
3175 1390 3346 1451 1188
3387 1409 3524 1453 nov.
3556 1392 3598 1451 4

791 1491 1153 1556 Clemens
1197 1491 1304 1555 III
1350 1490 1598 1556 clericis
1657 1514 1704 1555 s.
1741 1491 2116 1576 Triphonis,
2162 1513 2211 1554 s.
2260 1489 2515 1555 Nicolai
2573 1490 2652 1555 de
2715 1490 3057 1555 Praefecto
3118 1497 3184 1556 et
3244 1514 3294 1555 s.
3335 1491 3687 1557 Salvatoris

791 1594 873 1659 de
920 1593 1110 1660 Sere:
1169 1596 1504 1661 confirmat
1556 1595 1940 1660 sententiam
1988 1594 2206 1660 Alexii
2260 1600 2328 1659 et
2372 1594 2678 1658 Iohannis
2723 1595 2897 1659 card.
2941 1599 3035 1678 (n.
3071 1598 3140 1678 7)
3186 1617 3300 1660 suo
3345 1597 3684 1683 privilegio

789 1701 1114 1764 insertam.
1177 1737 1255 1748 --
1313 1699 1411 1764 Ea
1457 1719 1622 1784 quae
1670 1699 1925 1764 fuerint.
2016 1698 2159 1785 Ego
2206 1698 2508 1763 Clemens
2554 1704 2675 1764 etc.
2752 1696 3006 1762 Subscr.
3041 1701 3080 1762 9
3128 1699 3299 1764 card.
3357 1699 3684 1775 Dat.„1.at.

788 1823 852 1886 p.
899 1822 984 1866 m.
1031 1803 1240 1888 Moysi
1286 1802 1349 1868 S.
1394 1803 1474 1867 R.
1519 1801 1595 1866 Ε.
1643 1800 1926 1866 subdiac.
1988 1806 2057 1866 et
2107 1802 2314 1866 vicem
2372 1803 2625 1888 agentis
2680 1824 2891 1886 canc.,
2940 1805 2977 1865 2
3023 1824 3172 1867 non.
3227 1825 3401 1888 nov.,
3448 1803 3577 1870 ind.
3626 1811 3685 1889 7,

788 1906 909 1971 inc.
944 1905 1005 1970 d.
1039 1928 1097 1972 a.
1138 1910 1321 1990 1188,
1366 1910 1542 1991 pont.
1590 1925 1650 1970 V.
1684 1903 1744 1968 d.
1793 1903 2148 1970 Clementis
2191 1925 2300 1988 pp.
2333 1903 2439 1967 III
2484 1925 2543 1969 a.
2582 1909 2637 1969 1.

997 2016 1068 2071 A.
1114 2046 1179 2056 ——
1228 2016 1377 2072 Edd.
1417 2014 1634 2069 Marini
1669 2013 1822 2084 Dipl.
1854 2014 2053 2083 pontif.
2098 2016 2115 2049 ¹
2145 2031 2204 2083 p.
2232 2021 2325 2078 67,-
2369 2017 2468 2085 ²p.
2496 2021 2595 2069 102
2627 2031 2693 2071 α
2733 2018 2779 2070 Α
2820 2041 2885 2063 =
2929 2017 3123 2088 Miqnc
3161 2018 3347 2074 CCIV
3373 2026 3496 2075 1391
3529 2036 3585 2074 n.
3608 2027 3687 2076 92.

787 2132 855 2142 —
894 2103 1061 2175 Rcyy.
1085 2104 1140 2159 J.
1178 2111 1349 2159 10116.
1386 2102 1491 2157 JL.
1529 2107 1709 2157 16344.

791 2230 834 2290 9
2807 2225 3129 2292 Laterano
3177 2230 3346 2291 1189
3391 2229 3527 2293 iun.
3562 2234 3603 2293 6

789 2333 1152 2399 Clemens
1196 2332 1303 2397 ΠΙ
1348 2333 1704 2399 Octaviano
1751 2329 2143 2416 archipresb.
2193 2336 2344 2395 etc.:
2394 2330 2735 2395 ecclesiam
2769 2353 2818 2395 s.
2851 2331 3194 2415 Triphonis
3238 2332 3322 2397 ad
3355 2334 3690 2418 exemplar

791 2437 1096 2501 Iohannis
1140 2459 1248 2523 pp.
1315 2439 1408 2519 (n.
1452 2439 1522 2514 1)
1578 2434 1695 2500 sub
1753 2438 1958 2519 apost.
2006 2435 2409 2520 protectione
2456 2434 2723 2519 suscipit
2785 2441 2852 2499 et
2919 2436 3357 2520 possessiones
3409 2420 3686 2522 propriis

789 2561 1129 2625 expressas
1196 2539 1523 2604 vocabulis
1584 2539 1936 2605 confirmat.
2012 2579 2096 2586 —
2171 2538 2334 2604 Cum
2406 2537 2487 2603 de
2548 2539 2877 2603 universis.
2989 2538 3130 2624 Ego
3199 2539 3502 2605 Clemens
3561 2547 3682 2606 etc.

790 2643 1045 2708 Subscr.
1087 2649 1159 2709 14
1208 2643 1380 2708 card.
1428 2643 1577 2708 Dat.
1619 2644 1763 2709 Lat.
1797 2665 1859 2729 p.
1893 2665 1977 2708 m.
2024 2643 2234 2727 Moysi
2281 2642 2344 2707 S.
2377 2642 2457 2707 R.
2493 2641 2567 2706 E.
2617 2642 2901 2709 subdiac.
2933 2645 3142 2708 vicem
3188 2645 3439 2729 agentis
3485 2666 3683 2728 canc.,

793 2752 831 2813 8
863 2747 948 2811 id.
997 2748 1148 2831 iun.,
1196 2746 1323 2811 ind.
1360 2752 1419 2830 7,
1466 2769 1523 2812 a.
1570 2748 1692 2812 inc.
1740 2747 1801 2811 d.
1857 2750 2043 2831 1189,
2088 2753 2265 2831 pont.
2313 2767 2371 2810 v,
2419 2746 2480 2809 d.
2515 2745 2870 2811 Clementis
2913 2769 3020 2832 pp.
3067 2746 3173 2821 III
3219 2768 3277 2811 a.
3311 2750 3371 2811 2.

993 2859 1086 2911 Αἱ.
1144 2856 1224 2925 [G
1249 2858 1291 2923 f.
1319 2865 1426 2912 174.
1464 2858 1522 2912 D
1562 2859 1605 2925 f.
1633 2861 1763 2914 290‘.
1824 2858 1886 2911 Ε
1914 2859 1958 2924 f.
1989 2866 2068 2913 59.
2107 2856 2206 2928 FJ.
2251 2886 2320 2897 —-
2365 2856 2473 2911 Ed.
2510 2856 2781 2926 Pfluqu.
2829 2858 2971 2912 Acta
3007 2857 3119 2912 III
3152 2863 3251 2913 373
3286 2874 3341 2913 n.
3381 2864 3484 2915 430
3515 2874 3582 2913 ex
3616 2861 3683 2914 A.

787 2975 857 2987 —
895 2943 1057 3014 Rcyq.
1095 2943 1367 3014 Pfluka.
1405 2944 1516 2999 lter
1542 2963 1600 3014 p.
1626 2950 1721 2999 319
1754 2962 1809 2999 n.
1838 2951 1947 2999 901.
1983 2944 2094 2999 JL.
2132 2951 2306 2999 16419.

1901 3219 2225 3287 Ecclesia
2270 3237 2327 3286 s.
2372 3218 2582 3287 Celsi.

1864 3340 1985 3408 (SS.
2023 3339 2187 3396 Celso
2224 3358 2255 3396 e
2291 3339 2593 3407 Giuliano.)

1001 3461 1357 3518 Panciroli
1400 3465 1492 3532 ¹p.
1517 3462 1649 3524 265;
1691 3464 1790 3531 ²p.
1815 3461 2008 3530 497sq.
2046 3490 2114 3500 —
2151 3460 2209 3514 P.
2245 3460 2562 3517 Adinolfi
2598 3462 2647 3515 Il
2685 3462 2883 3517 canale
2919 3461 2977 3516 di
3015 3465 3188 3532 ponte
3223 3480 3253 3516 e
3292 3462 3344 3518 le
3382 3479 3480 3517 sue
3517 3461 3682 3518 circo·

787 3548 965 3605 stanti
1002 3549 1153 3620 parti
1191 3548 1392 3617 (Narni
1432 3548 1586 3616 1860)
1624 3566 1677 3619 p.
1702 3548 1875 3618 23sq.
1911 3577 1979 3587 —
2018 3547 2389 3604 Armellini
2432 3549 2449 3581 ⁸
2477 3566 2531 3619 p.
2561 3549 2688 3613 184;
2729 3551 2828 3619 ²p.
2854 3547 3063 3618 363⁸q.

1003 3707 1360 3772 Ecclesiam
1406 3707 1573 3772 hanc
1617 3708 1772 3771 satis
1803 3708 2155 3791 antiquam,
2201 3707 2355 3772 licet
2397 3708 2461 3769 in
2493 3706 2737 3771 Urbani
2770 3706 2874 3770 III
2919 3706 3096 3771 bulla
3127 3728 3184 3771 a.
3229 3709 3388 3771 1186
3435 3706 3563 3772 feb.
3607 3713 3681 3771 14

789 3833 904 3897 pro
952 3813 1225 3876 ecclesia
1277 3834 1327 3876 s.
1374 3811 1707 3876 Laurentii
1762 3811 1823 3873 in
1886 3809 2171 3874 Damaso
2227 3811 2393 3874 inter
2453 3809 2758 3875 ecclesias
2812 3810 2895 3876 ad
2941 3811 3109 3875 hunc
3155 3811 3409 3875 titulum
3454 3812 3681 3876 imme-

793 3916 966 3980 diate
1036 3920 1403 4000 spectantes
1465 3913 1638 3978 haud
1715 3919 2135 3997 memoretur,
2200 3913 2513 3977 cardinali
2578 3936 2627 3977 s.
2673 3914 3004 3979 Laurentii
3056 3913 3332 4000 ‘eiusque
3399 3916 3681 4000 capitulo

790 4019 1143 4084 subiectam
1190 4019 1415 4100 fuisse,
1477 4039 1560 4083 ex
1612 4039 1674 4081 n.
1721 4022 1749 4080 1
1823 4015 2163 4102 colligitur.
2276 4016 2406 4081 Sed
2464 4017 2695 4081 mirum
2758 4023 2882 4100 est,
2942 4018 3302 4083 Honorium
3346 4019 3453 4082 III
3506 4018 3684 4083 bulla

789 4145 848 4188 a.
906 4126 1066 4188 1218
1132 4124 1281 4187 mai.
1328 4125 1402 4187 21
1478 4121 1561 4186 ad
1627 4121 1982 4185 Iohannem
2043 4120 2666 4206 archipresbyterum
2712 4122 2909 4187 missa
2961 4121 3093 4210 (ed.
3139 4123 3425 4187 Adinolfi
3486 4144 3547 4207 p.
3600 4126 3681 4188 78

789 4249 848 4292 n.
889 4226 958 4313 4)
1003 4227 1316 4292 ecclesiae
1349 4249 1396 4289 s.
1429 4225 1623 4305 Celsi,
1671 4223 1754 4289 ad
1802 4224 2137 4309 exemplar
2166 4225 2524 4289 Innocentii
2555 4225 2660 4288 III
2708 4223 2915 4310 (cuius
2945 4225 3231 4311 diploma
3262 4233 3481 4291 tamen
3512 4226 3680 4292 desi·

792 4330 1102 4417 deratur),
1148 4329 1568 4415 apostolicam
1612 4330 2079 4413 protectionem
2122 4330 2511 4394 concessisse
2555 4328 3014 4415 libertatesque
3062 4331 3197 4395 eius
3243 4330 3681 4406 confirmasse;
3806 4337 3813 4342 ’

791 4457 874 4500 ex
945 4457 1070 4520 quo
1130 4434 1405 4518 suspicio
1461 4433 1611 4496 oriri
1657 4440 1873 4518 potest
1929 4433 2011 4498 de
2058 4434 2545 4499 authenticitate
2591 4434 2881 4499 eiusdem
2926 4433 3172 4500 Urbani
3216 4435 3324 4499 III
3367 4436 3679 4520 rescripti.

1008 4571 1360 4636 Archivum
1437 4573 1751 4637 ecclesiae
1829 4573 2195 4657 antiquiora
2269 4594 2398 4637 non
2471 4572 2761 4658 possidet
2823 4573 3229 4640 documenta.
3344 4573 3679 4650 Quaedam

789 4676 1062 4761 praebet
1103 4675 1388 4741 Adinolfi
1433 4675 1475 4740 l.
1509 4696 1563 4740 c.

791 4817 832 4876 1
2825 4813 3071 4880 Verona
3115 4817 3350 4899 (1186)
3391 4815 3518 4882 dec.
3554 4817 3593 4879 5

791 4918 1152 4985 Urbanus
1195 4917 1301 4982 III
1346 4918 1595 4984 clericis
1640 4942 1687 4983 s.
1721 4920 1924 4985 Celsi:
1972 4921 2308 5005 praecipit,
2359 4926 2674 5004 quatenus
2705 4919 3036 4997 cardinali,
3071 4922 3179 5005 qui
3224 4942 3341 5006 pro
3388 4927 3681 5007 tempore

790 5022 986 5087 fuerit
1029 5023 1095 5086 in
1139 5021 1414 5087 ccclesia
1466 5045 1515 5085 s.
1547 5024 1879 5088 Laurentii
1935 5025 2000 5087 in
2045 5023 2361 5105 Damas0,
2421 5029 2487 5088 et
2539 5023 2820 5108 capitulo
2882 5025 3019 5088 eius
3073 5023 3551 5090 oboedientiam
3604 5044 3681 5090 ac

791 5127 1217 5192 reverentiam
1267 5125 1550 5191 debitam
1600 5135 1731 5192 tam
1775 5129 1839 5191 in
1887 5128 2181 5213 capitulis
2228 5149 2420 5212 quam
2466 5129 2531 5204 in
2577 5128 2850 5192 servitiis
2894 5127 3287 5212 impendant.

1172 5256 1221 5291 v.
1258 5236 1407 5293 Eccl.
1445 5245 1486 5292 s:
1525 5237 1814 5294 Laurentii
1850 5237 1907 5293 in
1942 5239 2183 5295 Damaso
2220 5258 2271 5293 n.
2295 5241 2346 5296 4.
