4065 6049
849 456 969 517 170
1551 433 1564 441 ’
2194 449 2387 507 soma.

1017 745 1532 813 monasteriiim
1578 762 1636 811 s.
1669 744 1984 813 Caesarii
2030 746 2108 811 et
2151 762 2209 812 s.
2242 744 2588 828 Stephani
2636 744 2823 829 apud
2872 747 2940 812 b.
2971 745 3278 812 Paulum
3327 748 3567 830 apost.

1060 906 1669 991 Antiquissimorum
1745 907 2279 969 monasteriorum
2348 907 2519 991 apud
2588 906 2919 971 basilicam
2990 906 3052 970 b.
3102 906 3292 971 Pauli
3365 910 3747 992 ignoramus

843 1012 1176 1094 originem.
1267 1011 1724 1075 Monasterium
1772 1033 1821 1073 s.
1856 1008 2188 1094 Stephani,
2236 1010 2406 1096 quod
2448 1012 2568 1075 fuit
2598 1011 2974 1075 ancillarum
3007 1012 3154 1094 Dei,
3200 1014 3329 1076 iam
3361 1012 3746 1077 recordatur

844 1114 1196 1197 Gregorius
1227 1114 1259 1178 I
1300 1115 1365 1178 in
1409 1114 1761 1199 diplomate
1808 1137 1865 1179 a.
1900 1120 2022 1180 604
2058 1114 2259 1199 (Eccl.
2308 1138 2356 1180 s.
2390 1115 2580 1180 Pauli
2623 1137 2684 1179 n.
2718 1115 2814 1199 3);
2860 1118 3317 1181 monasterium
3365 1140 3413 1180 s.
3448 1118 3743 1182 Caesarii

842 1219 1299 1283 monachorum
1344 1219 1779 1284 habitaculum
1824 1219 2021 1284 fuisse
2069 1220 2471 1284 crediderim.
2546 1219 2741 1285 Teste
2787 1229 3050 1286 auctore
3095 1208 3286 1286 Vitae
3333 1220 3637 1306 Gregorii
3670 1222 3745 1285 II

841 1323 1062 1406 ambo,
1119 1346 1158 1388 a
1214 1323 1597 1388 monialibus
1649 1332 1716 1388 et
1771 1324 2102 1388 monachis
2156 1324 2286 1388 suis
2343 1325 2628 1407 deserta,
2684 1326 3016 1390 renovavit
3068 1324 3420 1411 Gregorius
3466 1326 3569 1405 Π,
3628 1328 3737 1411 qui

840 1427 955 1490 sub
1002 1449 1127 1492 uno
1173 1427 1408 1493 abbate
1440 1427 1788 1492 monachos
1833 1426 1917 1491 ad
1963 1427 2470 1493 administranda
2515 1428 2732 1493 divina
2770 1429 2985 1493 officia
3024 1430 3089 1493 iu
3132 1428 3399 1494 basilica
3443 1430 3504 1495 b.
3538 1431 3731 1494 Pauli

841 1534 1168 1596 constituit
1213 1531 1303 1615 (n.
1355 1532 1435 1617 1).
1548 1532 1940 1596 Monasterio
2008 1555 2058 1594 s.
2100 1532 2386 1597 Caesarii
2442 1532 2729 1618 itemque
2776 1557 2825 1597 s.
2869 1533 3181 1618 Stephani
3225 1535 3363 1599 Leo
3408 1535 3515 1598 III
3563 1535 3736 1599 dona

842 1635 1072 1700 obtulit
1147 1636 1316 1720 (Lib.
1368 1637 1593 1721 pontif.
1641 1635 1741 1701 ed.
1789 1636 2132 1701 Duchesne
2193 1636 2259 1699 11
2317 1637 2450 1722 23).
2562 1637 2746 1703 Saec.
2802 1637 2866 1701 X
2933 1638 3096 1703 haec
3163 1637 3289 1702 duo
3343 1640 3737 1702 monasteria

841 1747 1277 1805 memorantur
1320 1763 1446 1805 uno
1480 1741 1696 1805 titulo:
1744 1742 2201 1805 monasterium
2234 1765 2314 1805 ss.
2348 1742 2636 1807 Caesarii
2685 1748 2751 1807 et
2782 1742 3090 1827 Stephani
3133 1765 3194 1828 q.
3229 1765 3287 1806 v.
3318 1742 3425 1806 Ad
3457 1750 3739 1827 quatuor

841 1845 1130 1929 angulos,
1165 1867 1553 1931 quamquam
1602 1848 1664 1909 in
1711 1846 2009 1930 Gregorii
2043 1845 2174 1910 VH
2218 1845 2557 1930 privilegio
2605 1868 2721 1931 pro
2754 1848 3144 1911 monasterio
3190 1870 3238 1910 s.
3272 1846 3460 1911 Pauli
3493 1846 3586 1931 (n.
3629 1848 3735 1927 16)

841 1949 1052 2013 denuo
1097 1950 1397 2034 legimus:
1460 1972 1628 2014 mon.
1677 1973 1725 2013 a.
1770 1950 2083 2035 Stephani
2129 1949 2302 2035 quod
2349 1958 2448 2015 est
2491 1951 2952 2015 monasterium
2998 1951 3404 2032 ancillarum,
3451 1951 3735 2035 positum

839 2054 922 2118 ad
990 2077 1038 2117 s.
1082 2052 1356 2118 Paulum
1425 2055 1808 2139 apostolum.
1921 2054 2140 2119 Hodie
2209 2075 2433 2118 eorum
2499 2055 2773 2138 vestigia
2838 2056 3100 2119 minime
3163 2056 3568 2120 inveniuntur
3620 2052 3735 2135 (cf.

839 2158 1181 2222 Duchesne
1227 2158 1270 2220 l.
1304 2180 1356 2222 c.
1390 2159 1422 2221 Ι
1465 2163 1587 2222 410
1634 2164 1764 2222 not.
1799 2164 1836 2222 6
1884 2166 1951 2223 et
1996 2157 2064 2220 11
2111 2163 2189 2221 44
2240 2166 2368 2222 not.
2405 2161 2519 2235 823
2565 2158 2782 2223 Sickel
2828 2158 3302 2242 Prolegomena
3344 2180 3487 2223 zum
3534 2157 3741 2222 Liber

839 2261 1099 2326 diurnus
1153 2262 1220 2325 II
1277 2262 1503 2347 (1589)
1548 2266 1629 2326 29
1654 2286 1778 2347 sq.;
1824 2263 2165 2355 Armellini
2218 2263 2240 2302 ¹
2267 2285 2327 2347 p.
2364 2265 2517 2338 743;
2568 2263 2681 2347 ²p.
2716 2262 2891 2348 928).

1053 2453 1155 2518 De
1222 2453 1480 2517 archivo
1550 2453 1735 2535 nihil,
1806 2475 2195 2538 quamquam
2264 2452 2438 2517 haud
2507 2453 2769 2518 dubium
2838 2458 2938 2518 est
2990 2453 3379 2517 documenta
3430 2451 3514 2516 ad
3568 2452 3739 2517 haec

838 2558 1226 2622 monasteria
1272 2559 1630 2642 spectantia
1674 2559 1738 2622 in
1785 2558 2113 2623 archivum
2160 2557 2463 2622 basilicae
2512 2557 2572 2621 b.
2606 2557 2795 2621 Pauli
2841 2558 3151 2621 translata
3196 2557 3348 2620 olim
3395 2557 3613 2620 fuisse.

839 2749 876 2810 1
3361 2748 3618 2809 15—31

838 2852 1259 2935 Gregorius
1304 2853 1372 2915 ΙΙ
1418 2854 1873 2916 monasterium
1922 2875 1969 2915 s.
2003 2852 2335 2936 Stephani,
2384 2851 2557 2936 quod
2602 2853 2767 2915 intro
2814 2853 2976 2915 atrio
3025 2851 3085 2915 b.
3119 2748 3360 2936 apost?
3357 2851 3546 2915 Pauli
3591 2750 3741 2913 fim-

838 2958 1057 3021 datum
1115 2964 1241 3034 est,
1303 2958 1430 3020 iam
1478 2957 1697 3042 elapso
1747 2965 2036 3041 tempore
2083 2957 2583 3041 congregatione
2631 2977 2959 3019 servorum
3021 2962 3133 3020 aut
3185 2956 3561 3019 ancillarum
3609 2955 3741 3018 Dei

837 3061 1165 3144 nudatum,
1214 3063 1604 3125 monasterio
1640 3061 1712 3148 [e.
1747 3059 2060 3147 Caesarii]
2098 3062 2319 3143 sociat,
2354 3069 2669 3146 quatenus
2701 3060 2782 3124 ab
2815 3061 2954 3124 eius
2985 3060 3326 3126 abbatibus
3357 3060 3741 3145 disponatur

838 3171 904 3230 et
946 3173 1227 3250 regatur.
1275 3205 1357 3212 —-
1404 3166 1704 3230 Creditae
1752 3166 2225 3249 speculationis.

1043 3276 1166 3331 Lib.
1202 3276 1386 3330 diurn.
1421 3278 1465 3341 f.
1493 3276 1870 3331 LXXXVII
1894 3276 1996 3342 (cd.
2024 3276 2193 3330 Sickel
2218 3294 2277 3345 p.
2310 3285 2397 3330 114
2434 3293 2489 3329 n.
2518 3278 2624 3343 87).
2665 3307 2729 3314 -
2769 3275 2899 3345 Rea.
2938 3276 3056 3332 JE.
3097 3308 3178 3330 —.

1215 3371 1450 3426 Cuinam
1489 3371 1742 3441 pontifici
1780 3372 1919 3427 haec
1944 3371 2141 3425 Diurni
2179 3373 2418 3426 formula
2442 3370 2807 3427 attribuenda
2830 3372 2923 3437 sit,
2961 3371 3016 3425 in
3046 3370 3433 3440 disputatione
3461 3373 3737 3424 versatur.

1041 3459 1227 3513 Sickel
1281 3459 1430 3514 enim
1486 3459 1725 3528 (Proleg.
1766 3458 1818 3512 11
1854 3460 1941 3523 29)
1997 3458 2287 3513 Hadriano
2323 3459 2349 3512 l
2403 3458 2699 3522 adscribit;
2751 3458 3042 3513 Duchesne
3097 3462 3295 3513 contra
3353 3457 3625 3528 Gregorio
3660 3457 3737 3519 ΙΙ,

1052 3546 1343 3599 formulam
1382 3545 1562 3615 ipsam
1598 3548 1838 3600 referens
1876 3545 2335 3599 monasteriorum
2383 3544 2762 3599 reformationi
2820 3543 2877 3597 in
2929 3544 3083 3598 illius
3134 3543 3417 3613 pontificis
3453 3544 3592 3597 Vita
3644 3543 3739 3596 his

1049 3632 1233 3686 verbis
1271 3636 1734 3688 commemoratae
1760 3631 1901 3697 (Lib.
1929 3631 2129 3701 pontif.
2156 3633 2241 3686 ed.
2266 3632 2557 3686 Duehesne
2596 3632 2619 3684 1
2656 3632 2807 3698 397):
2848 3631 2987 3698 ¹,Hic
3012 3630 3372 3697 monasteria,
3400 3649 3545 3699 quae
3574 3649 3737 3684 secus

1041 3717 1336 3772 basilicam
1373 3739 1413 3772 s.
1442 3717 1605 3772 Pauli
1642 3721 1822 3788 apost.
1859 3721 2037 3783 erant,
2075 3719 2147 3773 ad
2184 3717 2548 3772 solitudinem
2583 3718 2826 3773 deducta
2862 3717 3179 3782 innovavit,
3216 3721 3419 3786 atque,
3458 3716 3738 3771 ordinatis

1041 3805 1214 3860 servis
1252 3805 1353 3860 Dei
1388 3805 1693 3870 monachis,
1732 3806 2223 3876 congregationem
2262 3808 2389 3874 post
2424 3805 2653 3876 longum
2680 3808 2904 3874 tempus
2928 3803 3293 3866 constituens,
3332 3808 3399 3859 ut
3424 3802 3607 3858 tribus
3630 3821 3737 3872 per

1042 3892 1190 3945 diem
1229 3892 1447 3947 vicibus
1484 3897 1541 3949 et
1576 3896 1747 3948 noc-tu
1784 3892 2093 3948 matutinos
2129 3893 2430 3948 dicerent“.
2491 3892 2608 3947 Nos
2645 3895 2835 3947 autem
2880 3890 3122 3947 Sickelio
3160 3888 3472 3956 obiicimus,
3508 3890 3569 3944 in
3593 3890 3736 3945 vita

1045 3979 1316 4033 Hadriani
1357 3981 1397 4045 1,
1436 3978 1593 4034 euius
1629 3979 1956 4034 donationes
1995 3983 2055 4034 et
2092 3979 2555 4034 monasteriorum
2592 3976 3013 4033 reformationes
3049 3981 3167 4033 tam
3203 3977 3521 4033 luculenter
3555 3977 3733 4031 abun·

1041 4067 1220 4134 deque
1275 4065 1620 4129 indicantur,
1679 4066 1890 4120 nullam
1946 4085 2167 4135 prorsus
2224 4066 2292 4121 de
2345 4066 2550 4121 nostris
2601 4064 2755 4120 hisce
2802 4065 3153 4120 monasteriis
3203 4063 3547 4120 mentionem
3594 4064 3737 4118 fieri.

1043 4152 1422 4221 concedimus,
1460 4152 1835 4207 narrationem
1863 4152 2131 4208 formulae
2159 4157 2331 4221 atque
2357 4171 2528 4222 supra
2552 4155 2893 4208 memoratae
2924 4149 3090 4207 Vitae
3114 4151 3371 4222 Gregorii
3399 4152 3451 4205 11
3490 4152 3733 4207 alteram

1042 4238 1207 4294 alteri
1246 4258 1357 4294 non
1393 4240 1531 4294 satis
1566 4240 1924 4310 respondere;
1975 4239 2081 4294 illa
2130 4240 2281 4294 enim
2329 4240 2397 4294 de
2434 4239 2639 4294 unione
2678 4240 2923 4308 ipsorum
2960 4237 3424 4294 monasteriorum
3460 4238 3738 4308 loquitur,

1041 4326 1182 4381 haec
1228 4328 1296 4383 de
1351 4328 1809 4383 monasteriorum
1864 4327 2225 4382 renovatione
2279 4330 2338 4382 et
2390 4328 2458 4381 de
2514 4326 2837 4382 constitutis
2887 4325 3030 4380 inibi
3069 4325 3379 4388 monachis3
3433 4329 3501 4381 at
3534 4343 3739 4395 reapse

1044 4416 1205 4483 parvi
1243 4415 1383 4470 haee
1421 4414 1739 4470 differentia
1774 4413 2125 4469 aestimanda
2162 4417 2271 4481 est;
2309 4415 2446 4483 quin
2485 4414 2653 4468 immo
2706 4413 2940 4469 notitias
2986 4414 3126 4468 duas
3174 4414 3455 4484 complere
3495 4414 3741 4468 alteram

1047 4503 1229 4557 altera
1268 4503 1435 4558 facile
1473 4520 1777 4572 possumus.

1109 4795 1623 4863 nonasterium
1670 4815 1764 4864 ss.
1799 4796 2159 4864 vincentii
2205 4798 2281 4863 et
2324 4795 2692 4863 Anastasii
2738 4794 2826 4862 ad
2870 4794 3110 4878 Aquas
3155 4793 3455 4864 Salv1as.

2051 4920 2191 4986 (Tre
2229 4920 2520 4984 Fontane.)

1046 5054 1384 5109 Panviuio
1439 5075 1490 5125 p.
1530 5058 1695 5124 85sq.
1753 5087 1813 5096 —·
1877 5057 2166 5111 Serrano
2212 5077 2266 5126 p.
2301 5059 2468 5125 39sq.
2533 5088 2594 5095 —
2655 5056 3008 5111 Panciroli
3054 5059 3143 5126 ¹p.
3170 5056 3297 5119 801;
3354 5059 3611 5126 ²p.658.
3676 5090 3747 5098 —

837 5143 1185 5196 Seve'rano
1225 5143 1393 5211 p.411
1422 5163 1501 5211 sq.
1543 5174 1603 5182 —
1643 5143 2044 5197 A.Vallinus
2084 5144 2226 5200 Hist.
2264 5162 2407 5198 mon.
2447 5164 2514 5197 ss.
2542 5142 2830 5198 vincentii
2867 5149 2927 5198 et
2966 5142 3250 5198 Anastasii
3288 5143 3357 5196 de
3386 5142 3545 5196 Urbe
3571 5150 3749 5212 (teste

841 5228 1132 5283 Mandosio
1160 5229 1303 5282 Bibl.
1334 5229 1490 5283 Rom.
1519 5231 1541 5284 1
1572 5231 1669 5286 156
1706 5232 1890 5297 n.18).
1916 5261 1980 5269 —
2019 5230 2418 5288 martinelli
2456 5249 2510 5300 p.
2536 5231 2652 5284 317.
2679 5261 2745 5269 —
2798 5231 3029 5285 Lubin
3066 5249 3121 5299 p.
3146 5230 3265 5284 329.
3307 5259 3367 5269 —
3407 5229 3751 5287 Crescim-
