4065 6049
834 476 916 539 32
2192 474 2389 533 Roma.

1051 647 1233 722 Quae
1279 655 1572 733 spectant
1614 648 1699 713 ad
1744 648 1910 714 hanc
1955 650 2293 717 ccclesiam
2339 658 2774 736 monumenta,
2820 650 2950 716 alia
2993 651 3058 717 in
3104 649 3421 718 tabulario
3468 656 3727 719 canoni-

833 772 1053 816 corum
1097 774 1148 816 s.
1191 751 1499 816 Iohannis
1552 754 1617 817 in
1661 754 2017 837 Laterano,
2087 754 2217 820 alia
2283 757 2348 820 in
2406 756 2664 822 archivo
2726 757 3245 843 congregationis
3298 777 3384 823 ex
3435 758 3728 844 Imagine

832 878 914 919 ss.
965 854 1318 920 Salvatoris
1379 855 1464 920 ad
1521 855 1758 922 Sancta
1815 856 2194 924 Sanctorum
2258 860 2692 937 inveniuntur;
2761 860 2874 925 illa
2930 869 3191 926 exstant
3254 860 3468 927 adhuc
3527 881 3730 948 penes

833 961 1193 1044 canonicos,
1239 959 1405 1025 haec
1449 962 1836 1026 transierunt
1880 962 1965 1027 ad
1993 959 2089 1028 R.
2138 964 2467 1029 archivum
2513 965 2877 1031 Romanum
2921 962 3149 1047 (Ar-ch.
3197 964 3263 1030 di
3307 972 3511 1049 stato,
3558 965 3729 1032 Gon-

831 1066 1218 1150 gregazione
1286 1061 1461 1129 della
1514 1064 1625 1130 SS.
1675 1066 1969 1151 Imagine
2032 1066 2136 1132 del
2194 1067 2306 1133 SS.
2349 1067 2687 1134 Salvatore
2740 1068 2826 1133 ad
2884 1068 3121 1133 Sancta
3175 1067 3589 1145 Sanctorum;
3649 1069 3729 1134 cf.

833 1165 1010 1232 Gott.
1057 1167 1293 1233 Nachr.
1334 1172 1487 1234 1901
1541 1191 1603 1254 p.
1639 1170 1813 1253 242).
1889 1169 2316 1255 Documenta,
2364 1193 2532 1258 quae
2562 1180 2933 1258 sequuntur,
2981 1193 3065 1237 ex
3110 1172 3370 1237 archivo
3417 1174 3730 1239 ecclesiae

832 1294 880 1334 s.
913 1271 1220 1336 Iohannis
1266 1274 1330 1336 in
1376 1274 1699 1339 Laterano
1746 1276 2152 1359 sumpsimus,
2241 1277 2549 1342 Attamen
2596 1276 2812 1341 omnia
2857 1276 3117 1341 omnino
3162 1275 3328 1341 falsa
3371 1284 3534 1342 sunt.

1045 1445 1150 1510 De
1195 1445 1380 1511 codd.
1428 1445 1509 1511 cf.
1556 1445 1732 1513 Eccl.
1778 1471 1825 1512 s.
1861 1448 2168 1516 Iohannis
2214 1451 2277 1515 in
2320 1451 2666 1516 Laterano.

915 1621 954 1683 1
3445 1663 3527 1672 —
3579 1624 3614 1661 Γ

830 1619 985 1788 ζου
1030 1722 1130 1789 IV
1174 1722 1474 1790 concedit
1516 1724 1758 1790 scalam
1803 1732 2093 1791 sanctam
2139 1726 2593 1793 scandentibus
2652 1725 3119 1813 indulgentiam
3178 1622 3724 1797 triffznnissm

831 1849 949 1912 pro
996 1827 1287 1914 quolibet
1329 1828 1554 1916 gradu.

1037 1938 1218 1995 Laud.
1253 1940 1480 1996 ἐκαὶ
1523 1970 1583 1981 -
1625 1940 1753 2010 Ray.
1789 1941 1900 1998 JE.
1942 1972 2023 1998 —.

1210 2035 1552 2106 Spurium.

829 2162 917 2243 †2
2835 2161 3161 2228 Laterano
3210 2164 3379 2227 1100
3421 2182 3568 2245 auy.
3602 2162 3641 2224 5

828 2264 1221 2330 Paschalis
1265 2264 1335 2327 ΙΙ
1380 2264 1716 2330 confirmat
1769 2264 2238 2349 indulgentiam
2293 2285 2334 2329 a
2376 2264 2600 2328 Leone
2647 2263 2745 2330 IV
2786 2268 2878 2350 (n.
2912 2269 2984 2349 1)
3029 2286 3420 2332 concessam.
3481 2306 3562 2313 ·—
3621 2265 3726 2330 Ad

830 2369 1229 2454 apostolicae
1274 2367 1623 2454 dignitatis.
1713 2368 1865 2433 Dat.
1911 2369 2057 2433 Lat.
2105 2390 2251 2433 non.
2299 2389 2445 2454 aug.
2493 2374 2670 2454 pont.
2719 2389 2780 2434 n.
2828 2391 2886 2434 a.
2926 2376 2984 2437 1.
3127 2380 3138 2393 “

1036 2480 1341 2535 Ba.1671
1385 2478 1929 2548 msamcquo
1969 2478 2475 2548 souafflpasr.
2530 2479 2807 2551 LMJJ.
2862 2511 2929 2521 -
2983 2479 3405 2536 masmana
3447 2481 3535 2536 De
3580 2480 3809 2535 wala·

827 2570 1020 2621 sancta
1062 2583 1115 2635 p.
1150 2565 1262 2621 LV
1290 2570 1338 2621 et
1372 2567 1512 2635 App.
1545 2582 1602 2635 p.
1639 2565 1819 2634 XV1,·
1868 2564 1946 2620 cd.
1984 2566 2132 2622 Rota
2167 2571 2315 2635 μω
2366 2571 2418 2621 et
2455 2583 2511 2636 p.
2549 2572 2675 2631 136,·
2727 2566 2811 2624 cd.
2848 2566 3137 2637 Paezuylia
3164 2585 3224 2637 p.
3262 2578 3313 2624 4.
3391 2568 3727 2637 Mar-amoni

822 2670 881 2722 p.
908 2659 1010 2707 270
1041 2653 1223 2722 (ital).
1305 2652 1445 2708 Gon.
1481 2651 1684 2708 Nadn.
1724 2660 1855 2709 1900
1882 2670 1942 2722 p.
1967 2659 2071 2708 403
2103 2670 2159 2708 n.
2186 2662 2228 2709 1.
2265 2684 2332 2693 —
2371 2652 2501 2723 Rea.
2542 2652 2891 2708 Mammam·
2923 2672 2975 2724 p.
3001 2664 3049 2710 4.
3084 2654 3195 2710 JL.
3232 2685 3316 2709 —.

1208 2746 1540 2818 Spurium.

832 2871 957 2954 †*3
3238 2871 3645 2957 (1159—81)

830 2974 1280 3042 Alexander
1323 2976 1430 3041 111
1475 2976 1882 3063 privilegium
1928 2975 2061 3042 dat.

1037 3102 1218 3159 Laud.
1254 3104 1319 3157 in
1353 3104 1661 3158 Innooeuttii
1695 3103 1808 3158 111
1830 3102 1976 3157 buna
2010 3121 2064 3157 α.
2090 3110 2214 3158 1212
2246 3120 2374 3174 aug.
2400 3108 2462 3158 13
2497 3101 2739 3157 Pouhast
2774 3110 2922 3170 4674,
2958 3119 3069 3173 qua
3103 3104 3436 3174 declaratur,
3472 3105 3726 3174 scriplum

828 3191 929 3246 hoc
957 3191 1057 3244 sub
1077 3190 1291 3245 nomine
1313 3190 1616 3245 Alexandri
1648 3207 1760 3245 mm
1783 3190 2157 3245 authenticum
2191 3206 2310 3258 esse,
2351 3208 2476 3278 cum
2512 3207 2613 3244 nec
2638 3193 2784 3245 esset
2820 3190 2977 3245 bulla
3013 3192 3292 3247 munitum
3331 3196 3390 3248 et
3427 3193 3727 3248 haberetur

831 3277 1030 3332 merito
1068 3276 1125 3331 in
1163 3277 1296 3332 stilo
1332 3282 1671 3347 suspectum.
1710 3307 1776 3317 —
1814 3276 1947 3349 Περ.
1986 3276 2095 3332 JL.
2133 3308 2214 3331 -.

1754 3606 2271 3676 nonasterium
2318 3622 2378 3675 s.
2410 3606 2806 3675 Pancratn.

1036 3764 1115 3821 Cf.
1140 3766 1367 3836 praeter
1390 3765 1661 3829 auctores,
1697 3762 1795 3833 qui
1833 3763 1903 3819 de
1938 3764 2075 3819 eccl.
2100 3782 2141 3818 s.
2169 3762 2434 3818 Iohannis
2469 3761 2526 3817 in
2563 3763 2842 3819 Laterano
2876 3761 3235 3833 scripserunt,
3274 3761 3488 3818 Lubin
3524 3781 3582 3834 p.
3607 3762 3719 3818 337.

826 3884 896 3894 —
933 3851 1019 3906 Fr.
1047 3850 1483 3907 Cancellieri
1518 3850 1601 3906 De
1625 3849 1941 3906 secretariis
1967 3849 2172 3906 veteris
2196 3849 2467 3906 basilicae
2492 3849 2806 3906 Vaticanae
2831 3848 3064 3918 (Romae
3090 3847 3248 3920 1786)
3274 3849 3355 3904 111
3384 3850 3522 3905 1599
3544 3868 3624 3920 sq.
3659 3880 3722 3890 -

829 3938 1184 3994 Duchesne
1220 3938 1297 3994 Le
1333 3936 1478 3994 liber
1511 3936 1852 4008 pontificalis
1888 3937 1913 3991 I
1948 3938 2054 3993 424
2088 3940 2204 3993 not.
2231 3937 2320 4001 18;
2358 3936 2508 3991 1143
2541 3940 2656 3993 not.
2681 3937 2765 3993 80.

1041 4095 1502 4162 Monasterium
1548 4119 1629 4160 ss.
1665 4093 1969 4162 Iohannis
2000 4115 2121 4178 ev„
2169 4094 2473 4160 Iohannis
2505 4093 2682 4181 bapt.
2717 4101 2784 4160 et
2813 4117 2862 4160 s.
2894 4094 3222 4160 Pancratii
3254 4096 3720 4160 vetustissimae

829 4201 1092 4286 originis
1150 4202 1280 4265 iam
1315 4214 1373 4266 'a
1432 4201 1762 4266 monachis
1824 4198 2308 4284 Oasinensibus‚
2370 4198 2947 4286 Langobardorum
3010 4198 3255 4265 rabiem
3316 4197 3720 4286 fugientibus,

829 4304 1228 4391 temporibus
1272 4305 1579 4371 Iohannis
1623 4305 1727 4369 III
1787 4305 2115 4369 conditum
2169 4304 2398 4388 fuisse,
2455 4304 2804 4368 Panvinius
2848 4325 2910 4388 p.
2969 4308 3086 4369 134
3144 4304 3383 4391 aliique
3432 4303 3542 4387 (cf.
3588 4303 3720 4368 Ma·

828 4410 1030 4475 billon
1074 4410 1242 4475 Ann.
1292 4410 1427 4476 ord.
1475 4435 1524 4475 s.
1557 4409 1894 4475 Benedicti
1944 4408 2212 4495 ²1152)
2258 4408 2670 4474 contendunt.
2747 4407 2898 4473 Fuit
2942 4429 3137 4472 unum
3186 4428 3269 4473 ex
3315 4406 3517 4472 tribus
3562 4409 3721 4472 anti·

830 4515 971 4602 quis
1028 4517 1434 4580 monasteriis
1493 4517 1672 4580 iuxta
1729 4516 2122 4581 Lateranum
2177 4511 2262 4577 ad
2320 4512 2535 4577 divina
2595 4513 2809 4578 officia
2861 4514 2927 4577 in
2978 4513 3402 4578 Lateranensi
3463 4510 3722 4576 basilica

836 4619 1341 4685 administranda
1371 4620 1709 4699 instructis,
1742 4621 1781 4682 i.
1817 4639 1872 4682 e.
1907 4641 1954 4682 s.
1986 4617 2332 4701 Pancratii,
2380 4616 2652 4681 Honorii
2683 4624 2751 4681 et
2780 4639 2830 4681 s.
2863 4614 3196 4701 Stephani,
3244 4615 3474 4702 quibus
3502 4623 3722 4700 postea

833 4724 1167 4790 Paschalis
1210 4724 1245 4787 Ι
1289 4725 1743 4789 monasterium
1792 4745 1871 4786 ss.
1903 4721 2113 4808 Sergii
2159 4728 2226 4786 et
2269 4720 2473 4787 Bachi
2518 4722 2915 4807 aggregavit.
3006 4718 3378 4785 Hadrianus
3422 4719 3457 4782 Ι
3511 4726 3722 4784 autem

698 4914 704 4920 ὁ
829 4831 1183 4913 constituit,
1240 4837 1312 4894 ut
1371 4827 1667 4892 monachi
1736 4849 1783 4888 s.
1831 4825 2157 4891 Pancratii
2226 4827 2291 4889 in
2351 4824 2618 4890 basilica
2685 4825 3110 4890 Lateranensi
3185 4846 3269 4888 ex
3343 4823 3539 4888 choro
3613 4841 3720 4885 suo

826 4933 1054 4999 laudes
1123 4938 1483 5016 cantarent,
1556 4930 1708 4996 dum
1789 4952 1873 4995 ex
1939 4930 2147 4995 altero
2215 4931 2409 4995 choro
2478 4929 2776 4994 monachi
2845 4949 2928 4993 ex
2994 4929 3387 4994 monasterio
3454 4925 3718 4991 Honorii

828 5037 1059 5102 eadem
1114 5041 1501 5123 peragerent
1577 5035 1791 5099 officia
1853 5033 1937 5118 (v.
1986 5055 2157 5098 mon.
2213 5032 2536 5118 Honorii).
2653 5031 2716 5098 S.
2775 5032 3102 5097 Pancratii
3171 5031 3630 5095 monasterium
3683 5048 3720 5091 a

826 5142 1047 5207 Leone
1109 5141 1213 5205 III
1262 5140 1531 5205 ditatum
1581 5159 1836 5224 quoque
1885 5145 1982 5201 est
2028 5136 2198 5221 (Lib.
2248 5136 2472 5221 pontif.
2522 5135 2623 5201 ed.
2670 5135 3013 5200 Duchesne
3063 5133 3130 5199 II
3181 5140 3274 5199 15.
3305 5132 3437 5218 22).
3531 5132 3719 5196 Plura

828 5244 1166 5313 nescimus.
