4065 6049
1524 1570 2563 1691 PRAEFATIO.

826 1961 1030 2044 Reyia
1072 1961 1352 2026 Societas
1387 1960 1843 2043 Gottinyensis,
1887 1982 2030 2026 cum
2075 1960 2199 2025 sibi
2229 1980 2616 2041 persuasum
2657 1959 3006 2037 habuisset,
3049 1960 3388 2042 privileyia
3431 1965 3490 2024 et

610 2083 854 2148 litteras
897 2084 1274 2164 pontificum
1322 2081 1758 2147 Romanorum
1802 2104 1997 2165 usque
2050 2082 2141 2147 ad
2193 2082 2638 2148 Innocentium
2678 2082 2813 2147 III
2844 2081 3189 2146 secundum
3234 2082 3494 2145 criticae

610 2206 775 2270 artis
803 2226 1072 2270 canones
1117 2207 1346 2270 iterum
1385 2203 1730 2287 colliyenda
1771 2209 1961 2286 atque
1990 2204 2231 2269 edenda
2275 2225 2420 2280 esse,
2467 2204 2561 2267 ita
2603 2207 2679 2267 ut
2707 2223 2921 2268 eorum
2951 2206 3160 2267 textus
3203 2223 3281 2267 ex
3323 2202 3495 2266 omni

596 2332 789 2408 parte
837 2326 1152 2409 perfectus
1205 2325 1353 2390 inde
1404 2324 1754 2403 haberetur,
1812 2324 1971 2389 mihi
2012 2324 2434 2405 honorificum
2488 2322 2602 2388 hoc
2651 2344 2885 2388 munus
2928 2324 3060 2387 iam
3102 2323 3183 2388 ab
3226 2344 3287 2386 a.
3322 2325 3492 2385 1896

609 2448 931 2527 commisit.
1028 2447 1152 2513 Cui
1193 2445 1511 2513 condendo
1554 2446 1727 2528 operi
1767 2446 1880 2511 ubi
1921 2446 2170 2511 naviter
2224 2450 2284 2511 et
2338 2465 2569 2528 mayna
2625 2443 2833 2509 animi
2885 2442 3200 2527 voluptate
3257 2463 3492 2507 manus

614 2568 877 2645 admovi,
920 2566 1114 2649 facile
1156 2565 1455 2647 intellexi,
1499 2568 2011 2634 documentorum
2043 2571 2284 2650 reyesta
2312 2566 2503 2650 quasi
2546 2566 2635 2631 ad
2661 2565 2831 2631 viam
2859 2563 3259 2630 sternendam
3291 2563 3488 2645 prius

615 2707 853 2752 necesse
900 2708 1029 2751 esse
1071 2687 1144 2752 in
1186 2686 1385 2751 lucem
1421 2686 1718 2769 proferri.

826 2808 1062 2890 Inqens
1089 2807 1256 2872 enim
1280 2806 1572 2889 Philippi
1592 2807 1654 2873 J
1650 2829 1691 2872 a
1700 2809 1742 2887 f
1739 2809 1781 2887 f
1781 2811 1817 2875 ά
1841 2830 1998 2890 opus
2027 2807 2193 2874 illud
2211 2807 2519 2892 „Reyesta
2541 2807 2928 2889 Pontificum
2953 2806 3383 2873 Romanorum
3414 2806 3494 2870 ab

613 2928 866 2993 condita
894 2928 1153 2994 ecclesia
1196 2928 1285 2993 ad
1311 2950 1554 2994 annum
1586 2933 1736 3011 post
1770 2929 2094 2995 Christum
2122 2933 2349 2994 natum
2378 2926 2870 2996 MCXG'VIIP‘
2915 2928 3242 3012 (Berolini
3272 2931 3494 3011 1851),

610 3051 780 3133 quod
809 3072 930 3133 per
972 3050 1310 3115 dimidium
1350 3051 1485 3129 fere
1527 3049 1762 3115 saeculi
1814 3050 2102 3116 omnibus
2144 3050 2479 3116 historiam
2517 3051 2900 3132 pontificum
2945 3049 3378 3117 Romanorum
3421 3050 3493 3117 in

612 3173 810 3237 medio
852 3192 1001 3236 aevo
1045 3171 1467 3236 tractantibus
1510 3172 1741 3238 unicus
1783 3178 1842 3237 et
1885 3172 2158 3254 optimus
2201 3172 2335 3237 dux
2376 3177 2436 3237 et
2474 3193 2673 3238 comes
2713 3175 2870 3248 erat,
2914 3190 3301 3254 quamquam
3330 3192 3494 3236 nova

612 3293 881 3358 editione
931 3293 1050 3358 sub
1106 3292 1417 3378 auspiciis
1477 3291 1808 3358 Guilielmi
1872 3292 2310 3372 Wattenbaeh‚
2377 3292 2752 3376 curantibus
2815 3292 2899 3357 F.
2953 3291 3492 3371 Kaltenbrunner,

613 3414 691 3481 P.
723 3414 953 3480 Ewald
1006 3420 1065 3480 et
1120 3415 1185 3481 S.
1217 3414 1613 3494 Loewenfeld
1669 3416 1760 3499 (a.
1802 3416 2243 3495 1885-88),
2309 3419 2369 3481 et
2431 3419 2694 3480 auctum
2759 3418 2818 3479 et
2881 3413 3281 3480 emendatum
3339 3414 3491 3492 fuit,

612 3537 934 3602 doctrinae
976 3536 1447 3603 necessitatibus
1489 3536 1983 3620 haudquaquam
2013 3536 2196 3604 hodie
2237 3536 2584 3619 respondet.
2656 3535 2916 3602 Etenim
2949 3540 3095 3617 post
3136 3555 3341 3600 annos
3385 3536 3493 3610 tot,

612 3659 789 3723 novis
817 3657 1094 3723 archivis
1110 3659 1478 3740 patefactis,
1522 3659 1700 3724 novis
1727 3658 1999 3724 inventis
2024 3658 2329 3738 fontibus,
2372 3658 2552 3724 novis
2581 3658 2769 3723 editis
2797 3657 3106 3742 operibus,
3135 3655 3491 3734 innumera,

612 3784 688 3844 ut
745 3781 842 3844 ita
896 3779 1130 3858 dicam,
1185 3779 1551 3846 huiusmodi
1607 3779 1979 3846 documenta
2018 3780 2432 3862 prodierunt,
2492 3779 2590 3844 ita
2642 3784 2714 3845 ut
2770 3777 3061 3845 elenchus
3117 3782 3494 3859 reyestorum

613 3899 960 3980 Jaffeanus
1011 3900 1389 3967 lacunarum
1428 3901 1663 3984 plenus
1716 3903 2022 3969 recenseri
2081 3903 2215 3968 iam
2258 3902 2492 3969 debeat.
2581 3901 2922 3968 Praeterea
2963 3900 3091 3966 viri
3132 3900 3324 3978 docti,
3380 3901 3496 3981 qui

612 4022 745 4086 arti
798 4021 1237 4104 diplomaticae
1284 4023 1566 4103 student,
1627 4024 2077 4107 yravissimum
2127 4025 2200 4089 in
2250 4023 2619 4091 indicandis
2668 4022 2952 4101 fontibus
3010 4021 3231 4088 eximii
3286 4022 3492 4104 operis

612 4143 919 4222 desectum
959 4143 1364 4214 accusabant.
1452 4144 1633 4224 Jaffe'
1681 4145 1873 4224 enim,
1932 4145 2050 4227 qui
2100 4144 2272 4212 solus
2323 4150 2383 4211 et
2433 4166 2606 4210 unus
2655 4145 2779 4210 sibi
2821 4148 2985 4222 crat,
3042 4165 3171 4209 non
3212 4165 3290 4208 ex
3331 4142 3492 4225 ipsis

612 4265 995 4330 documentis
1037 4265 1453 4349 oriyinalibus
1501 4271 1741 4349 reyesta
1783 4265 2050 4332 haurire
2095 4266 2338 4348 potuit,
2398 4267 2510 4332 sed
2559 4267 2648 4332 ad
2708 4266 2898 4332 libros
2940 4265 3109 4349 typis
3157 4264 3491 4346 impressos

610 4385 898 4451 accedere
961 4392 1214 4453 coactus
1276 4392 1369 4452 est
1379 4408 1403 4466 ;
1473 4389 1570 4453 ita
1640 4394 1711 4452 ut
1774 4409 2068 4454 securum
2132 4389 2379 4454 critices
2442 4387 2940 4474 fundamentum
3003 4393 3064 4452 et
3129 4387 3493 4451 accuratior

612 4512 889 4590 fontium
915 4512 1167 4593 notitia,
1211 4511 1526 4593 imprimis
1553 4511 2091 4594 autoyraphorum
2118 4513 2649 4592 documentorum,
2696 4512 2766 4576 in
2806 4510 2946 4575 eius
2974 4529 3154 4591 opere
3182 4507 3487 4572 desidere-

614 4636 739 4696 tur.
837 4630 1099 4697 Moleste
1142 4631 1409 4714 denique
1450 4632 1753 4716 ferimus,
1808 4634 1881 4699 in
1932 4654 2096 4699 nova
2137 4656 2379 4718 quoque
2422 4639 2801 4718 reyestorum
2843 4631 3114 4698 editione
3170 4628 3493 4696 elenchum

619 4752 894 4827 illorum,
940 4753 1029 4818 ad
1067 4775 1225 4835 quos
1266 4751 1513 4820 litterae
1555 4753 1932 4836 apostolicae
1973 4755 2202 4820 missae
2243 4756 2514 4834 fuerint,
2557 4775 2688 4819 non
2729 4753 3030 4830 inveniri,
3075 4751 3218 4816 licet
3259 4750 3491 4830 „index

616 4873 984 4938 initiorum“
1025 4874 1288 4940 additus
1328 4875 1439 4954 sit,
1497 4875 1637 4959 qui,
1690 4875 1980 4957 quamvis
2022 4875 2112 4940 ad
2152 4875 2535 4958 requirenda
2576 4873 2947 4940 documenta
2991 4870 3172 4936 utilis
3214 4872 3320 4951 sit,
3364 4893 3493 4937 non

614 4998 824 5060 tamen
866 4995 939 5060 id
978 4996 1169 5075 affert
1212 4995 1594 5078 beneficium,
1636 4996 1805 5079 quod
1846 5000 2118 5078 repetere
2160 4996 2239 5062 ab
2283 4996 2481 5062 altero
2524 4995 2795 5061 licuerit.

831 5116 919 5181 In
981 5116 1102 5180 hac
1166 5117 1368 5199 iyitur
1432 5124 1809 5200 reyestorum
1860 5118 2243 5200 pontificum
2322 5116 2757 5184 Romanorum
2827 5116 3097 5181 editione
3175 5114 3247 5179 id
3315 5114 3494 5179 nobis

615 5238 884 5304 maxime
928 5217 1415 5324 proposuimus,
1477 5239 1647 5323 quod
1699 5238 2046 5322 Philippus
2096 5238 2276 5319 Jaffe‘
2327 5239 2630 5323 perficere
2685 5259 2814 5303 non
2869 5235 3088 5303 valuit.
3185 5234 3365 5318 Quod
3419 5239 3493 5299 ut
