4065 6049
1415 423 1666 479 Ecclesia
1700 443 1741 479 ε.
1769 424 2031 479 Iohannis
2069 423 2126 479 in
2163 424 2454 479 Laterano.
3291 433 3372 494 23

480 601 632 656 della
655 599 894 655 basilica
921 599 1291 654 Lateraneuse
1318 617 1371 669 p.
1392 598 1588 663 I—III,
1616 617 1656 652 s,
1684 597 1885 661 XVIII,
1914 598 2034 653 cod.
2061 597 2190 653 vat.
2219 598 2319 654 lat.
2346 599 2483 654 8036
2507 601 2597 666 (cf.
2618 600 2774 655 Gott.
2793 600 2998 656 Nachr.
3027 602 3161 656 1903
3188 619 3242 671 p.
3266 601 3375 669 25).

481 717 545 727 —
583 688 799 755 (Franc.
838 684 1278 755 Cancellieri)
1327 685 1597 741 Memorie
1650 684 1917 741 istoriche
1966 684 2116 741 delle
2152 701 2305 741 sacre
2341 688 2488 742 teste
2525 686 2610 741 de'
2646 686 2798 742 santi
2835 686 3079 758 apostoli
3116 686 3307 743 Pietro
3343 706 3374 744 e

480 773 652 831 Paolo
700 791 731 830 e
776 774 928 829 della
982 774 1100 830 loro
1149 772 1374 829 solenne
1427 772 1804 844 ricognizione
1854 772 2005 827 nella
2054 771 2292 827 basilica
2340 772 2710 829 Lateranense
2765 776 2782 807 ¹
2818 775 2904 842 (In
2953 774 3131 830 Roma
3189 774 3374 843 1806);

483 864 506 895 ²
531 861 728 928 (1852).
782 890 846 901 -
897 860 1127 929 Nibby
1166 859 1313 914 1241
1341 878 1421 928 sq.
1468 890 1533 898 -
1584 858 1642 911 P.
1667 856 1967 913 Adinolfi
2005 858 2281 913 Laterano
2319 876 2350 913 e
2375 858 2486 913 Via
2519 859 2810 931 maggiorc
2847 860 3048 927 (Roma
3089 861 3261 929 1857).
3308 890 3373 901 —

481 946 797 1003 Forcella
832 947 968 1002 VIII
994 949 1118 1016 lsq.
1153 976 1221 987 —
1257 946 1322 1003 G.
1349 946 1661 1002 Rohault
1696 944 1777 1000 de
1820 944 2071 1014 Fleury
2108 946 2184 1000 Le
2211 945 2416 1000 Latran
2443 964 2512 1000 au
2542 951 2875 1019 moyen-age
2902 947 3082 1015 (Paris
3109 947 3282 1017 1877).
3307 978 3375 988 —

480 1035 541 1090 P.
567 1034 868 1090 Adinolfi
904 1033 1083 1091 Roma
1116 1034 1248 1091 nell’
1274 1037 1371 1091 eta
1406 1033 1465 1088 di
1498 1051 1686 1090 mezzo
1722 1033 1875 1088 1184
1900 1052 1981 1103 sq.
2039 1063 2096 1074 -
2155 1033 2524 1090 Armellini
2567 1037 2585 1068 ²
2611 1052 2666 1105 p.
2692 1034 2796 1090 26⁶2
2821 1051 2929 1105 sq.;
2968 1038 2991 1069 ²
3018 1054 3071 1105 p.
3096 1034 3161 1089 91
3191 1052 3271 1105 sq.
3311 1065 3374 1076 -—

480 1121 835 1178 Marucchi
870 1140 925 1192 p.
949 1121 1014 1177 81
1043 1140 1124 1193 sq.

602 1328 603 1331 ’
699 1323 1018 1407 „Basilica
1041 1322 1411 1407 Salvatoris,
1445 1344 1611 1407 quae
1644 1345 1682 1388 a
1712 1324 1853 1387 loco
1887 1324 2361 1407 LateranensiS,
2396 1346 2435 1388 a
2466 1323 2795 1389 conditore
2828 1325 3375 1407 Constantiniana,

480 1427 561 1493 ab
621 1428 1014 1494 ornamentis
1059 1429 1280 1493 Aurea
1335 1436 1566 1493 vocata
1624 1435 1750 1511 est,
1808 1427 2150 1493 aedificata
2206 1428 2328 1493 fuit
2371 1448 2515 1494 cum
2561 1430 2919 1513 propinquo
2968 1427 3376 1513 patriarchio,

479 1532 917 1597 Romanorum
963 1532 1338 1617 pontificum
1391 1533 1561 1615 usui,
1618 1554 1657 1596 a
1701 1533 1808 1617 pio
1857 1531 2276 1597 Constantino
2333 1534 2723 1617 imperatore
2779 1534 2846 1595 in
2889 1532 3096 1598 Coelii
3143 1534 3378 1596 montis

482 1635 670 1700 dorso
727 1643 793 1701 et
850 1658 890 1701 a
943 1636 1250 1729 Silvestro
1310 1641 1348 1700 5
1396 1635 1481 1700 id.
1529 1657 1672 1700 nov.
1730 1643 2103 1701 consecrata
2160 1638 2411 1702 circiter
2464 1659 2521 1701 a.
2566 1636 2900 1703 CCCXX“
2949 1636 3374 1723 (Panvinius).

480 1739 724 1805 Postea
768 1762 807 1805 a
852 1762 933 1803 ss.
966 1740 1255 1805 Iohanne
1287 1739 1463 1825 bapt.
1497 1747 1564 1805 et
1594 1741 1881 1805 Iohanne
1931 1763 2028 1806 ev.
2064 1762 2298 1806 nomen
2344 1740 2636 1823 obtinuit.
2705 1742 2948 1807 Iterum
2995 1763 3035 1807 a
3078 1741 3214 1805 solo
3262 1760 3376 1805 ex-

481 1845 702 1909 citavit
732 1842 995 1930 Sergius
1025 1844 1129 1908 III
1176 1842 1288 1928 (cf.
1335 1844 1479 1909 Lib.
1511 1844 1737 1929 pontif.
1786 1844 1887 1909 ed.
1937 1845 2281 1910 Duchesne
2329 1845 2397 1908 ΙΙ
2431 1848 2556 1910 236
2588 1844 2734 1930 sq.),
2782 1854 2849 1911 et
2896 1865 3105 1930 paene
3153 1865 3376 1909 omnes

482 1949 819 2032 pontifices
864 1969 1010 2013 eam
1044 1947 1328 2013 ditarunt
1358 1958 1424 2013 et
1454 1957 1790 2032 auxerunt,
1836 1956 1908 2013 ut
1937 1957 2211 2034 apparet
2255 1969 2339 2013 ex
2372 1970 2593 2015 eorum
2625 1950 2794 2013 Vitis
2839 1951 2905 2013 in
2937 1948 3132 2013 Libro
3163 1949 3375 2033 ponti-

480 2053 670 2118 ficali.
760 2052 997 2118 Clerici
1041 2053 1351 2137 primum,
1397 2059 1627 2137 postea
1671 2053 1969 2118 monachi
2022 2054 2087 2116 in
2141 2054 2546 2118 monasteriis
2601 2055 2780 2118 iuxta
2838 2053 3169 2118 basilicam
3226 2074 3376 2118 con-

482 2159 740 2241 stitutis,
788 2156 1022 2222 deinde
1055 2158 1343 2222 canonici
1375 2157 1706 2243 regulares
1753 2178 1836 2222 ex
1867 2157 2091 2222 ordine
2138 2182 2186 2221 s.
2224 2157 2554 2243 Frigdiani
2588 2157 3130 2241 administrarunt,
3175 2178 3376 2242 usque

481 2261 566 2327 ad
611 2261 1009 2327 Bonifatium
1054 2261 1261 2346 VIII,
1325 2264 1434 2347 qui
1479 2262 1811 2347 regulares
1857 2264 2036 2327 exire
2084 2264 2266 2326 iussit
2320 2269 2386 2327 et
2439 2263 2802 2328 saeculares
2856 2262 2997 2327 loco
3045 2282 3267 2326 eorum
3312 2261 3380 2322 in

484 2363 657 2429 dicta
703 2364 972 2430 basilica
1017 2366 1363 2430 constituit.
1455 2363 1585 2430 Sed
1630 2364 1960 2451 Eugenius
1990 2366 2086 2429 IV
2133 2367 2582 2430 canonicorum
2629 2365 2942 2451 regularis
2986 2366 3158 2430 vitae
3205 2362 3378 2428 ordi-

481 2489 651 2551 nem,
699 2468 1243 2553 quemadmodum
1301 2477 1495 2534 antea
1556 2470 1795 2548 fuerat,
1857 2469 2098 2534 ibidem
2144 2471 2477 2535 renovavit
2536 2477 2602 2534 et
2655 2471 2994 2534 canonicos
3047 2470 3380 2553 regulares

480 2572 887 2638 Frisonariae
934 2573 1317 2638 reformatos
1361 2575 1621 2639 reduxit
1665 2573 1773 2658 (cf.
1820 2574 2126 2639 Pennotti
2172 2598 2235 2659 p.
2278 2577 2403 2639 268
2437 2596 2531 2659 sq.
2592 2576 2717 2639 560
2752 2596 2847 2659 sq.
2896 2577 3020 2639 643
3054 2573 3212 2659 sq.),
3270 2574 3379 2658 qui

480 2683 973 2761 permanserunt
1016 2699 1219 2765 usque
1281 2678 1365 2744 ad
1418 2677 1663 2742 obitum
1709 2678 1961 2744 Nicolai
2008 2680 2090 2762 V,
2156 2678 2412 2764 quando
2469 2702 2507 2743 a
2566 2679 2886 2743 canonicis
2948 2676 3381 2742 saecularibus

483 2781 713 2846 iterum
762 2781 1087 2847 substituti
1134 2790 1309 2859 sunt;
1358 2804 1751 2867 quamquam
1798 2782 2055 2867 deinde,
2103 2784 2181 2846 iis
2227 2782 2439 2847 denuo
2488 2782 2803 2867 expulsis,
2860 2782 2981 2866 ipsi
3028 2780 3377 2845 redierunt.

481 2884 779 2970 Denique
824 2885 943 2950 sub
989 2884 1171 2950 Sixto
1220 2885 1316 2950 IV
1362 2886 1652 2950 canonici
1698 2886 2029 2971 regulares
2073 2885 2159 2951 ad
2205 2886 2545 2951 ecclesiam
2592 2909 2640 2948 s.
2673 2886 2920 2951 Mariae
2966 2884 3048 2950 de
3095 2885 3267 2951 Pace
3315 2887 3380 2949 in

482 2989 657 3055 Urbe
707 2992 1093 3056 transierunt
1137 2989 1247 3075 (cf.
1278 2990 1350 3056 C.
1383 2989 1521 3055 Fea
1551 2990 2035 3056 Pro-Memoria
2066 3012 2184 3076 per
2227 2991 2291 3056 la
2320 3011 2462 3056 ven.
2498 2991 2715 3057 chiesa
2760 2989 2824 3055 di
2871 2987 2934 3055 S.
2968 2990 3177 3055 Maria
3207 2989 3381 3056 della

483 3094 678 3159 Pace.
775 3093 989 3158 Roma
1054 3099 1216 3160 1817
1275 3102 1341 3158 et
1384 3094 1457 3160 O.
1504 3094 1641 3160 Fea
1694 3095 1980 3160 Estratto
2041 3094 2211 3160 delle
2267 3097 2514 3181 ragioni
2574 3095 2693 3162 che
2752 3097 3065 3160 assistono
3127 3095 3192 3159 la
3234 3115 3378 3160 ven.

483 3197 703 3264 chiesa
750 3197 814 3262 di
859 3196 923 3262 S.
955 3199 1165 3264 Maria
1210 3198 1384 3264 della
1429 3199 1624 3263 Pace.
1713 3198 1927 3264 Roma
1980 3197 2193 3282 1834),
2240 3205 2623 3285 veteresque
2679 3199 3044 3270 saeculares
3090 3200 3381 3264 canonici

484 3309 630 3367 sunt
673 3303 978 3386 revocati,
1026 3300 1256 3388 quibus
1301 3303 1533 3388 prioris
1576 3303 1718 3367 loco
1765 3303 2303 3388 archipresbyter,
2349 3325 2516 3369 nunc
2562 3304 2924 3387 cardinalis,
2971 3308 3247 3388 praeest.

699 3519 1133 3607 Amplissimis
1152 3519 1745 3585 Constantinianam
1779 3518 2109 3586 basilicam
2136 3523 2367 3586 eteius
2395 3523 2734 3586 canonicos
2763 3519 3118 3606 privilegiis
3149 3522 3381 3586 summi

482 3627 818 3713 pontifices
847 3625 1287 3709 honestarunt,
1334 3624 1879 3711 quemadmodum
1910 3627 2066 3691 satis
2096 3626 2453 3692 luculenter
2498 3647 2719 3691 eorum
2753 3611 3109 3710 diploniata
3138 3631 3378 3691 testan-

486 3740 603 3797 tur.
704 3729 836 3796 Sed
897 3731 1248 3795 vetustiora
1316 3729 1551 3794 frustra
1619 3731 1989 3814 quaesieris.
2100 3731 2422 3815 Primum,
2493 3730 2665 3815 quod
2731 3730 2813 3795 ad
2880 3751 2998 3795 nos
3066 3731 3378 3816 pervenit,

485 3836 721 3900 Leonis
752 3833 851 3898 IX
895 3834 1300 3918 privilegium
1347 3839 1472 3910 est;
1519 3833 1875 3898 Alexandri
1909 3834 1977 3897 II
2022 3835 2309 3920 diploma
2339 3837 2607 3920 periisse
2637 3835 2949 3900 dolemus.
3040 3833 3378 3910 Quaedam

484 3939 824 4024 privilegia
867 3937 1142 4002 Honorii
1189 3936 1323 4021 III,
1389 3937 1747 4002 Innocentii
1795 3938 1891 4003 IV
1935 3945 2002 4002 et
2046 3938 2404 4004 Alexandri
2450 3939 2548 4002 IV
2594 3938 2675 4003 ab
2731 3945 2992 4004 auctore
3040 3938 3377 4024 repertorii

484 4043 727 4108 archivi
779 4042 1233 4108 Lateranensis
1290 4063 1347 4104 a.
1390 4044 1545 4105 1641
1613 4047 1680 4105 et
1733 4064 1772 4106 a
1824 4041 2131 4127 Raspono
2191 4043 2634 4128 imprudenter
2689 4041 2981 4108 Honorio
3030 4044 3129 4128 II,
3183 4042 3378 4106 Inno-

487 4150 696 4215 centio
728 4148 798 4210 Π
845 4155 911 4212 et
955 4146 1331 4212 Alexandro
1365 4144 1471 4208 III
1518 4145 1964 4211 attribuuntur.

700 4251 1116 4316 Tabularium
1175 4250 1623 4324 canonicorum
1682 4249 1905 4316 sedulo
1965 4259 2411 4317 conservatum
2473 4241 2666 4336 atque
2735 4274 2775 4316 a
2844 4250 3081 4317 celebri
3142 4250 3378 4317 abbate

486 4356 560 4421 P.
593 4358 669 4423 L.
702 4354 971 4421 Galletti
1005 4353 1170 4420 bene
1202 4354 1583 4438 dispositum
1616 4361 1830 4420 exstat
1860 4355 2072 4421 adhuc
2118 4358 2182 4419 in
2214 4377 2436 4421 eorum
2484 4355 2639 4421 sede
2686 4355 2803 4420 sub
2835 4356 3120 4421 canonici
3169 4355 3379 4422 archi-

487 4463 688 4526 vistae
744 4481 915 4525 cura.
1028 4459 1291 4523 Archivi
1346 4480 1497 4543 pars
1553 4458 1873 4543 quaedam
1931 4482 1971 4524 a
2027 4462 2348 4525 canonicis
2406 4458 2834 4545 regularibus,
2897 4461 3006 4545 qui
3053 4459 3240 4544 olim,
3308 4468 3380 4525 ut

488 4564 785 4648 diximus,
832 4570 1173 4628 tenuerunt
1201 4561 1553 4645 basilicam,
1601 4563 1909 4627 translata
1942 4571 2041 4629 est
2086 4564 2170 4628 ad
2215 4585 2437 4628 eorum
2484 4562 2745 4628 domum
2777 4563 3070 4629 Faesulis
3116 4571 3183 4631 et
3228 4585 3378 4629 con-

488 4675 777 4735 servatur
827 4667 1021 4732 hodie
1075 4669 1142 4731 in
1184 4666 1262 4731 R.
1312 4665 1571 4732 archivo
1615 4665 2017 4745 Florentin03
2077 4690 2225 4752 pars
2272 4669 2400 4733 alia
2444 4670 2508 4732 in
2551 4667 2901 4733 eorundem
2947 4668 3102 4732 sede
3125 4667 3378 4734 Romae

487 4771 659 4858 apud
704 4771 1044 4837 ecclesiam
1089 4795 1137 4836 s.
1170 4771 1350 4837 Petri
1395 4770 1478 4836 ad
1510 4770 1784 4836 Vincula
1830 4774 2165 4837 invenitur.

699 4875 800 4941 De
846 4876 1219 4941 inventariis
1263 4875 1503 4940 archivi
1550 4877 1998 4940 canonicorum
2030 4877 2561 4941 Lateranensium
2612 4875 2691 4940 cf.
2725 4873 2901 4939 Gott.
2933 4873 3170 4939 Nachr.
3214 4879 3373 4940 1903

489 5002 548 5064 p.
574 4984 721 5046 533.
791 4978 990 5043 Aliud
1018 4979 1441 5043 inventarium
1475 4999 1642 5043 saec.
1668 4978 1887 5064 XVII,
1921 4981 2074 5043 olim
2109 5001 2307 5064 penes
2338 4981 2417 5044 A.
2446 4978 2811 5061 Corvisieri,
2845 4985 3057 5044 exstat
3086 4977 3281 5043 hodie
3313 4979 3379 5041 in

487 5082 564 5148 R.
596 5084 856 5150 archivo
878 5083 1173 5149 Romano
1205 5082 1315 5167 (cf.
1340 5080 1517 5148 Gett.
1539 5082 1776 5148 Nachr.
1809 5088 2037 5168 19011).
2067 5085 2238 5167 248).
2307 5083 2595 5148 Tertium
2629 5082 3051 5147 inventarium
3088 5081 3376 5165 „Reper-

491 5188 650 5253 torio
695 5188 757 5253 d'
804 5188 1167 5254 istrumenti
1223 5188 1431 5254 cavati
1491 5186 1600 5254 dal
1653 5189 2005 5254 monastico
2054 5188 2335 5254 archivio
2384 5188 2450 5253 di
2496 5186 2559 5251 S.
2593 5184 2913 5252 Prassede
2966 5184 3047 5251 ed
3093 5184 3373 5251 archivio
