4065 6049
938 473 1089 530 Eccl.
1125 491 1168 530 s.
1199 473 1448 531 'I'homae
1484 472 1543 529 in
1579 473 1817 531 Pax-ione
1853 504 1921 515 —
1958 472 2108 530 Eccl.
2144 492 2187 530 s.
2213 474 2449 546 Agnetis
2483 472 2541 530 in
2578 475 2787 546 Agone.
3222 481 3304 543 95

630 647 929 736 Origines
975 650 1276 735 antiquae
1322 650 1510 714 huius
1555 650 1868 715 ccclesiae
1910 651 2298 736 ignoramus,
2387 649 2539 714 Fuit
2569 656 2940 717 consecrata
2986 649 3068 716 ab
3114 650 3305 715 Inno-

416 754 623 817 centio
671 753 741 817 II
786 754 875 838 (n.
916 753 998 838 1).
1101 754 1530 819 Enumeratur
1588 756 1753 819 inter
1811 756 2119 820 ecclesias
2174 754 2256 819 ad
2317 777 2366 818 s.
2416 755 2835 820 Laurentium
2905 757 2971 820 in
3020 756 3306 821 Damaso

413 858 808 941 pertinentes
874 858 939 921 in
1005 857 1182 922 bulla
1235 858 1480 924 Urbani
1534 857 1638 922 III
1695 858 1898 944 (Eccl.
1959 882 2008 924 s.
2057 860 2389 924 Laurentii
2455 861 2521 924 in
2574 859 2858 924 Damaso
2916 882 2976 925 n.
3011 862 3100 946 5).
3190 860 3307 925 Est

415 960 609 1026 hodie
655 961 894 1046 titulus,
942 967 1192 1027 erectus
1237 984 1277 1028 a
1320 963 1541 1027 Leone
1586 963 1670 1026 X.

630 1135 733 1201 De
778 1135 1036 1201 archivo
1082 1136 1260 1200 nihil.

419 1313 456 1373 1
2765 1311 2935 1374 1138
2977 1311 3104 1375 dec.
3134 1314 3221 1376 21

416 1414 924 1480 Innocentius
969 1414 1039 1478 II
1094 1423 1426 1481 consecrat
1479 1416 1790 1502 templum
1846 1421 1913 1481 et
1971 1416 2177 1481 altare
2232 1416 2316 1481 ad
2371 1416 2681 1481 honorem
2737 1415 2888 1479 Iesu
2943 1414 3181 1481 Christi
3240 1420 3306 1480 et

413 1519 474 1584 b.
506 1519 754 1585 Mariae
798 1521 958 1603 virg.
1007 1526 1074 1585 et
1117 1519 1178 1584 b.
1212 1520 1504 1585 Thomas
1549 1528 1754 1606 apost.

625 1647 829 1701 Tabula
879 1664 1178 1701 marmorea
1224 1649 1286 1700 in
1327 1649 1536 1717 pavide
1582 1649 1833 1704 ecclesiae.
1871 1680 1938 1689 —
1976 1649 2124 1705 Edd.
2160 1649 2467 1704 Martinelli
2501 1666 2561 1717 Ρ.
2601 1654 2710 1703 312.
2796 1648 3069 1716 Ciampt'ni
3092 1664 3153 1715 Ρ.
3185 1654 3305 1703 204.

415 1733 614 1787 Hazza
644 1752 700 1803 Ρ.
725 1741 834 1789 681.
907 1734 1077 1787 Bovio
1105 1752 1161 1803 Ρ.
1190 1742 1298 1790 187.
1371 1737 1615 1791 Fonseca
1644 1754 1702 1806 Ρ.
1727 1744 1838 1791 281.
1911 1736 2137 1790 Mordti
2173 1736 2261 1790 De
2294 1752 2332 1790 s.
2366 1735 2582 1791 Gallim
2608 1754 2667 1804 Ρ.
2694 1742 2801 1791 265.
2877 1734 3098 1788 Galleui
3134 1734 3303 1788 Inser.

415 1821 569 1876 Rom.
596 1820 632 1873 1
669 1827 735 1874 34
770 1838 825 1875 n.
856 1827 938 1875 43.
1016 1820 1263 1875 Forcella
1302 1821 1416 1875 V11
1449 1828 1553 1876 536
1587 1839 1642 1877 n.
1672 1829 1806 1877 1139.
1845 1852 1907 1862 —
1949 1820 2216 1891 RQJL.
2254 1822 2295 1875 I
2313 1838 2369 1890 Ρ.
2400 1827 2522 1877 882.

1267 2185 1589 2253 Ecclesia
1632 2202 1690 2252 e.
1736 2184 2037 2268 Agnetis
2083 2184 2158 2250 in
2200 2183 2467 2267 Agone.

1334 2308 1518 2378 (Sans
1556 2309 1775 2379 Agnese
1811 2307 1868 2361 al
1905 2306 2066 2362 circo
2102 2306 2392 2378 Agonalo.)

619 2445 977 2502 Pauciroli
1018 2451 1033 2482 ¹
1057 2465 1111 2518 p.
1140 2446 1359 2515 180sq.;
1400 2445 1713 2516 ²p.785sq.
1740 2476 1803 2484 —
1829 2442 2228 2499 Martinelli
2264 2462 2319 2514 p.
2344 2444 2428 2498 51.
2464 2473 2532 2483 —
2569 2442 2919 2515 Ciampini
2955 2445 3036 2501 De
3072 2446 3125 2502 S.
3152 2445 3217 2503 R.
3244 2447 3300 2502 E.

412 2533 877 2590 vicecancellario
935 2552 988 2603 p.
1018 2534 1118 2589 154
1142 2552 1222 2603 sq.
1276 2563 1344 2573 —
1399 2532 1610 2589 Bovio
1657 2533 1738 2588 La
1774 2532 1932 2603 pieta
1969 2531 2275 2587 trionfante
2320 2548 2374 2601 p.
2405 2531 2520 2586 145.
2574 2560 2642 2570 —
2697 2530 3003 2589 Fonseca
3057 2533 3138 2588 De
3182 2534 3301 2590 bas.

411 2638 454 2673 s.
483 2619 772 2676 Laurentii
811 2620 870 2675 in
903 2621 1145 2676 Damaso
1182 2640 1237 2691 p.
1261 2622 1364 2676 275
1383 2639 1465 2690 sq.
1519 2651 1581 2660 —
1640 2619 1835 2674 Franc.
1871 2617 2293 2674 Cancellieri
2331 2617 2456 2672 Atti
2492 2617 2584 2673 del
2621 2618 2874 2675 martirio
2910 2619 2969 2674 di
3005 2619 3058 2675 S.
3087 2621 3303 2692 Agnese

414 2723 446 2761 e
483 2706 697 2761 notizia
731 2707 882 2762 della
917 2706 1107 2763 chiesa
1142 2708 1215 2762 ad
1252 2725 1374 2763 essa
1409 2706 1673 2763 dedicata
1708 2706 1799 2761 nel
1837 2706 1953 2761 foro
1993 2705 2265 2777 Agonale,
2300 2723 2341 2760 s.
2367 2705 2574 2772 XVIII,
2611 2706 2732 2762 cod.
2764 2706 2888 2762 Vat.
2913 2706 3013 2762 lat.
3038 2708 3193 2763 9175.
3235 2740 3300 2748 —

411 2793 604 2849 Franc.
643 2793 1067 2850 Cancellieri
1103 2794 1151 2849 ll
1205 2797 1477 2862 mercato,
1514 2794 1556 2848 il
1591 2795 1724 2865 lago
1760 2793 1890 2849 dell’
1928 2811 2111 2863 acqua
2149 2792 2374 2865 vergine
2411 2793 2481 2849 ed
2516 2792 2559 2847 il
2595 2793 2827 2863 palazzo
2863 2793 3175 2849 Panfiliano
3206 2794 3300 2849 nel

419 2878 579 2934 Circo
636 2881 888 2951 Agonale
942 2886 1048 2937 etc.
1096 2882 1182 2949 (ln
1235 2883 1412 2939 Roma
1462 2882 1635 2951 1811).
1688 2912 1753 2923 -
1808 2880 2310 2951 Nibby138sq.
2372 2910 2432 2920 —
2491 2880 2809 2937 Forcella
2853 2881 2930 2936 IX
2974 2883 3072 2938 511
3094 2870 3176 2951 sq'.
3233 2913 3300 2923 —

408 2966 787 3022 Armellini
831 2971 845 3002 ’
888 2985 943 3039 p.
970 2968 1101 3034 106;
1146 2972 1245 3041 ’1).
1269 2968 1387 3024 383.
1425 3000 1491 3009 —
1527 2966 1884 3024 Marucchi
1921 2985 1977 3039 p.
1999 2966 2104 3022 416
2128 2984 2210 3038 sq.

620 3160 912 3227 Ecclesia
967 3184 1016 3227 s.
1063 3161 1337 3249 Agnetis
1394 3184 1516 3248 „ex
1562 3164 1781 3248 criptis
1824 3159 2138 3246 Agonis“,
2203 3160 2473 3226 obscura
2527 3163 2789 3249 quidem
2835 3163 3111 3249 origine,
3178 3163 3302 3229 fuit

406 3286 446 3329 a
499 3264 756 3330 Oalixto
802 3264 873 3329 II
945 3266 1258 3351 ampliata
1325 3274 1394 3333 et
1459 3274 1832 3333 consecrata
1899 3264 2117 3352 (n.1);
2187 3268 2552 3332 nominatur
2617 3269 2784 3333 inter
2848 3269 3153 3333 ecclesias
3215 3266 3298 3331 ad

406 3390 455 3431 s.
486 3368 906 3433 Laurentium
939 3370 1002 3433 in
1034 3368 1318 3435 Damaso
1350 3373 1745 3456 pertinentes
1791 3372 1857 3435 in
1889 3369 2135 3436 Urbani
2165 3369 2272 3434 III
2321 3370 2497 3436 bulla
2527 3370 2731 3457 (Eccl.
2776 3394 2825 3436 s.
2859 3371 3191 3437 Laurentii
3235 3372 3301 3435 in

406 3469 690 3537 Damaso
736 3495 798 3538 n.
832 3472 922 3559 5).
991 3473 1183 3538 Errat
1212 3473 1556 3540 Duchesne
1586 3474 1756 3559 (Lib.
1790 3473 2018 3560 pontif.
2052 3474 2124 3538 II
2156 3480 2237 3539 45
2272 3480 2402 3539 not.
2437 3473 2551 3561 91)
2596 3481 2664 3540 et
2692 3475 2823 3560 alii,
2871 3476 2980 3560 qui
3009 3474 3298 3558 credunt,

405 3575 579 3640 idem
625 3598 765 3642 esse
818 3578 985 3642 hanc
1029 3579 1369 3644 ecclesiam
1416 3600 1491 3644 ac
1536 3580 1997 3644 monasterium
2044 3600 2095 3641 s.
2142 3577 2415 3663 Agnetis
2462 3601 2523 3663 q.
2571 3600 2721 3663 app.
2768 3577 2851 3643 ad
2896 3577 3043 3642 Duo
3089 3579 3297 3662 furna,

407 3680 575 3764 quod
623 3683 839 3767 potius
885 3689 1026 3748 erat
1071 3684 1137 3747 in
1166 3685 1431 3769 regione
1464 3683 1497 3747 1
1538 3683 1709 3769 apud
1742 3684 2083 3749 ecclesiam
2116 3706 2164 3748 s.
2198 3682 2534 3748 Praxedis.
2609 3681 2754 3747 Illic
2783 3682 3195 3747 Innocentius
3234 3682 3299 3746 X

406 3783 749 3871 collegium
819 3788 1344 3873 cappellanorum
1402 3789 1758 3872 constituit,
1825 3787 1935 3852 ubi
1995 3793 2211 3853 exstat
2273 3786 2467 3853 hodie
2533 3784 2929 3851 bibliotheca
2992 3785 3297 3850 nonnulla

405 3889 602 3953 etiam
647 3891 1082 3975 manuscripta
1126 3891 1476 3955 continens.

1927 3959 1961 3986 Q

618 4059 1025 4128 Documenta
1069 4064 1432 4149 antiquiora
1470 4084 1623 4129 vero
1670 4063 1926 4128 omnino
1975 4061 2448 4142 desiderantum
2495 4083 2662 4150 quae
2709 4064 2880 4128 enim
2924 4064 2991 4128 in
3035 4063 3293 4128 archivo

404 4166 717 4232 ecclesiae
785 4175 965 4252 sunt,
1048 4189 1282 4233 novam
1353 4169 1818 4233 institutionem
1900 4166 1982 4233 ab
2049 4168 2429 4234 Innocentio
2494 4169 2559 4233 X
2619 4168 2859 4233 factam
2926 4168 3293 4253 respiciunt.

402 4267 876 4336 Documentum
946 4293 1004 4336 a.
1058 4276 1221 4337 1145
1277 4271 1484 4337 edidit
1546 4273 1913 4357 nuperrime
1970 4271 2078 4337 Fr.
2124 4271 2315 4338 Gaet.
2362 4273 2608 4358 Truppi
2663 4270 2769 4336 Un
2830 4278 2966 4336 atto
3021 4271 3294 4336 notarile

403 4371 552 4437 dell'
601 4395 660 4438 a.
698 4379 861 4439 1145
894 4375 1163 4440 relativo
1210 4374 1341 4441 alla
1386 4375 1605 4441 chiesa
1650 4374 1716 4441 di
1760 4374 1826 4441 S.
1852 4375 2117 4462 Agnese
2165 4377 2229 4440 in
2259 4376 2494 4441 Piazza
2521 4375 2794 4440 Navona
2823 4373 3065 4461 (Roma
3102 4375 3297 4460 1901)

403 4497 487 4541 ex
531 4477 703 4544 arch.
749 4478 1202 4564 Neapolitano.

402 4653 442 4712 1
2744 4655 2916 4719 1123
2956 4653 3091 4722 ian.
3121 4654 3211 4719 28

400 4754 761 4820 Oalixtus
805 4755 875 4820 Π
906 4763 1239 4823 consecrat
1268 4758 1609 4824 ecclesiam
1655 4779 1705 4822 s.
1735 4757 2011 4843 Agnetis
2057 4778 2201 4823 cum
2232 4759 2606 4824 remissione
2638 4758 2966 4823 annuatim
3012 4758 3077 4821 in
3122 4756 3293 4823 dicto

402 4858 508 4925 die
554 4861 739 4925 unius
784 4862 933 4926 anni
979 4866 1046 4927 et
1089 4866 1172 4932 40
1218 4862 1487 4928 dierum.

615 4989 829 5045 Tabula
880 5008 1179 5046 marmorea
1232 4991 1306 5045 ad
1351 4993 1493 5060 sores
1532 4991 1776 5047 ecclesiae
1809 4992 1991 5061 periit.
2028 5021 2092 5032 —
2131 4990 2277 5048 Edd.
2314 4991 2597 5047 Beronices
2642 4992 2793 5047 Anu.
2828 4989 2905 5045 ad
2949 5007 3002 5046 α.
3041 4995 3164 5045 1123
3195 5005 3238 5045 c.
3260 4994 3296 5044 3

401 5099 468 5123 =
497 5077 1446 5147 Oldoinusap.oiaoonium⁴1944
1482 5102 1548 5125 =
1581 5079 1770 5132 Amort
1797 5077 2245 5148 Hist.indu19.1
2272 5086 2379 5134 127.
2439 5078 2748 5133 Man-tunel&
2761 5095 2821 5148 Ρ
2848 5084 2997 5132 62=
3020 5075 3293 5145 Otanupt‘m‘

394 5181 452 5232 Ρ.
491 5173 578 5220 166
617 5188 683 5212 =
725 5164 978 5220 Fonseca
1009 5183 1065 5235 Ρ.
1098 5172 1218 5222 278.
1299 5166 1549 5221 Forcella
1583 5166 1682 5220 1x
1720 5170 1815 5221 513
1845 5183 1900 5220 n.
1947 5173 2080 5221 1007
2117 5180 2183 5219 ατ
2216 5165 2333 5221 cod.
2365 5164 2506 5220 chin.
2547 5166 2588 5220 I
2619 5165 2671 5220 V
2700 5171 2800 5219 167
2840 5165 2883 5232 s.
2919 5169 3019 5218 313
3063 5163 3292 5230 aliisque

399 5251 551 5308 codd.
590 5282 655 5293 —
694 5253 854 5324 Reqy.
890 5252 945 5310 J.
973 5270 1032 5321 Ρ.
1057 5260 1170 5307 642.
1207 5252 1312 5307 JL.
1353 5253 1390 5307 1
1411 5270 1473 5322 Ρ.
1497 5259 1623 5310 808.
