4065 6049
675 426 713 487 8
2035 420 2226 475 Roma.

1711 851 1963 920 clerus
2009 852 2220 919 urbis
2265 852 2555 921 Romae.

1607 976 2182 1042 Fraternitas
2245 977 2644 1042 Romana.

883 1150 998 1206 loh.
1024 1147 1275 1205 Morini
1302 1146 1745 1204 Commentarius
1769 1149 1839 1205 de
1861 1148 2037 1204 sacris
2071 1148 2344 1204 ecclesiae
2370 1146 2818 1204 ordinationibus
2843 1166 2898 1218 p.
2920 1148 3000 1203 111
3027 1147 3396 1219 (Antverpiae
3423 1148 3581 1215 1695)

678 1238 779 1296 102
800 1255 881 1308 sq.
937 1269 1003 1279 —
1058 1236 1122 1292 P.
1159 1235 1445 1291 Moretti
1498 1233 1664 1289 Ritus
1716 1234 1888 1290 dandi
1934 1235 2347 1306 presbyterium
2393 1252 2603 1306 papae,
2653 1234 3034 1313 cardinalibus
3078 1239 3139 1291 et
3180 1232 3404 1291 clericis
3451 1251 3581 1289 nou·

677 1324 961 1382 nullarum
997 1320 1360 1379 ecclesiarum
1396 1321 1566 1377 Urbis
1603 1366 1614 1377 .
1656 1363 1668 1375 .
1706 1320 2084 1394 investigatus
2119 1325 2178 1378 et
2214 1324 2551 1393 explanatus
2585 1323 2819 1389 (Romae
2860 1323 3014 1391 1741)
3049 1322 3249 1394 App.1
3284 1322 3389 1378 305
3407 1340 3488 1392 sq.
3513 1353 3581 1361 —-

675 1413 833 1468 Dom.
859 1409 1096 1482 Giorgi
1133 1408 1214 1466 De
1240 1407 1475 1480 liturgia
1502 1409 1660 1465 Rom.
1686 1406 1969 1478 pontificis
1995 1408 2048 1463 II
2085 1427 2139 1478 p.
2162 1408 2339 1464 XLIII
2354 1427 2435 1479 sq.
2462 1438 2528 1448 —
2556 1409 2672 1464 loh.
2696 1409 2867 1479 Bapt.
2895 1407 3179 1466 Gattico
3216 1408 3297 1463 De
3321 1406 3582 1464 oratoriis

675 1495 1000 1554 domesticis
1036 1499 1145 1552 etc.
1182 1494 1416 1559 (Romae
1449 1496 1627 1564 1746).
1666 1526 1731 1535 -—
1769 1494 2136 1550 Armellini
2185 1495 2260 1551 Le
2296 1496 2484 1551 chiese
2520 1494 2579 1550 di
2617 1494 2797 1550 Roma
2837 1499 2923 1566 ¹p.
2950 1496 3146 1565 24sq.;
3193 1499 3285 1565 ἰ).
3309 1494 3475 1564 2οη.
3513 1524 3579 1534 -

674 1584 738 1639 G.
766 1582 959 1640 Ferri
996 1582 1078 1637 La
1101 1581 1357 1637 Romana
1380 1580 1705 1637 fraternitas
1729 1579 1789 1635 iu
1818 1580 1985 1636 Arch.
2010 1581 2165 1637 della
2188 1580 2308 1638 Soc.
2333 1581 2492 1637 Rom.
2521 1581 2701 1636 XXVI
2739 1582 2922 1651 (1903)
2957 1582 3161 1652 453sq.
3188 1612 3254 1622 —
3280 1581 3580 1637 Galante

676 1673 712 1727 l.
740 1688 787 1726 c.
824 1688 880 1741 p.
903 1669 1007 1726 485
1026 1686 1108 1736 sq.

892 1857 1119 1923 Ardua
1166 1857 1427 1944 quidem
1475 1842 1578 1922 res
1624 1862 1742 1940 est,
1793 1863 1926 1921 tum
1973 1878 2288 1943 quaerere
2334 1858 2532 1937 locos,
2579 1858 2687 1923 ubi
2734 1857 2817 1922 de
2849 1855 3145 1922 Romano
3192 1855 3365 1921 clero
3411 1858 3579 1921 noti-

675 1966 805 2029 tiae
854 1962 1285 2048 reperiantur,
1342 1968 1476 2025 tum
1523 1959 1606 2025 de
1653 1961 1791 2024 eius
1845 1960 2141 2043 historia,
2201 1961 2265 2024 in
2330 1960 2612 2027 tenebris
2655 1962 2974 2045 involuta,
3038 1959 3374 2025 disserere.
3463 1959 3580 2026 Et-

676 2068 849 2134 enim
894 2065 1070 2132 urbis
1097 2065 1351 2131 Romae
1398 2064 1641 2129 clerum
1689 2066 1946 2149 saepius
1990 2065 2366 2130 recordatur
2409 2065 2607 2131 Liber
2650 2064 3070 2150 pontificalis;
3119 2071 3189 2130 at
3232 2066 3370 2130 eius
3415 2067 3582 2130 noti-

679 2173 843 2255 tiae,
895 2176 968 2236 ut
1011 2170 1166 2235 satis
1211 2175 1490 2252 constat,
1559 2170 1693 2233 sive
1740 2176 2190 2256 argumentum
2238 2171 2497 2234 criticae
2555 2168 2904 2254 praebent,
2965 2170 3099 2235 sive
3144 2170 3237 2234 ita
3279 2167 3584 2234 obscuras

677 2296 820 2341 sese
882 2274 1187 2357 offerunt,
1250 2282 1322 2339 ut
1376 2295 1502 2338 non
1556 2273 1747 2339 facile
1801 2273 2134 2339 intellectu
2188 2275 2347 2357 sint,
2415 2275 2549 2338 sive
2605 2275 2669 2338 in
2729 2273 3197 2339 dubitationem
3256 2273 3582 2355 inducunt,

679 2385 893 2443 utrum
941 2376 1021 2442 de
1069 2376 1473 2442 documentis
1518 2397 1749 2460 reapse
1798 2381 2127 2459 tractetur,
2175 2397 2341 2461 quae
2389 2376 2655 2441 decreta
2699 2383 2811 2441 aut
2841 2378 3327 2442 constitutiones
3369 2379 3582 2463 ponti-

676 2482 870 2546 ficum
915 2480 1358 2546 Romanorum
1405 2479 1786 2564 exhibeant,
1833 2502 1915 2544 an
1961 2480 2286 2564 simplices
2330 2486 2638 2545 revocent
2681 2483 3046 2546 memorias.
3136 2480 3344 2546 Recte
3388 2482 3586 2565 igitur

679 2584 1136 2651 animadvertit
1179 2584 1640 2649 Mommsenius
1697 2585 1765 2647 in
1809 2583 2301 2668 Prolegomenis
2346 2583 2429 2649 ad
2474 2584 2740 2649 Librum
2787 2584 3226 2669 pontificalem
3269 2606 3332 2669 p.
3366 2584 3583 2667 XXV,

677 2711 759 2755 ea
825 2710 992 2774 quae
1049 2686 1132 2754 ad
1188 2690 1604 2773 quaestiones
1662 2688 1833 2751 circa
1890 2686 2134 2752 clerum
2190 2686 2364 2752 urbis
2417 2687 2670 2754 Romae
2728 2690 2794 2753 in
2847 2688 3213 2755 Pontificali
3266 2695 3582 2773 spectent,

677 2813 808 2856 non
862 2791 1070 2857 solum
1124 2790 1422 2857 fabulosa
1483 2811 1625 2855 esse
1685 2797 1753 2856 et
1797 2793 2038 2876 passim
2093 2793 2260 2857 inter
2312 2814 2382 2857 se
2430 2795 2780 2876 contraria,
2848 2792 2963 2858 sed
3020 2795 3218 2859 etiam
3274 2792 3473 2858 exilia
3519 2799 3586 2859 et

680 2897 847 2960 iusto
894 2901 1275 2981 argumento
1324 2895 1461 2961 fere
1508 2895 1835 2960 destituta.

894 2999 1237 3085 Ceterum,
1295 2998 1606 3086 quidquid
1652 3000 1878 3085 fuerit,
1934 3001 2000 3065 in
2059 2999 2291 3067 codem
2337 3001 2534 3066 Libro
2580 3002 2932 3087 pontificali
2979 3002 3289 3088 legimus,
3343 3000 3578 3088 Hygi-

679 3127 856 3171 num
908 3106 1152 3172 clerum
1207 3105 1642 3189 composuisse
1707 3110 1775 3169 et
1820 3103 2216 3170 distribuisse
2285 3104 2524 3192 gradus
2585 3105 2958 3192 (Duchesne
3021 3106 3055 3169 I
3100 3110 3203 3171 56.
3261 3110 3364 3170 57.
3425 3106 3579 3180 131;

679 3212 1044 3277 Mommsen
1085 3233 1150 3295 p.
1192 3209 1333 3296 13);
1393 3211 1803 3274 Anicetum
1849 3210 2284 3293 constituisse,
2354 3216 2463 3294 „ut
2508 3210 2718 3276 clerus
2772 3231 3023 3275 comam
3089 3230 3219 3273 non
3269 3209 3579 3275 nutriret“

681 3314 1056 3412 (Duchesne
1100 3314 1136 3378 I
1167 3318 1271 3379 58.
1306 3317 1407 3379 59.
1452 3317 1601 3389 134;
1648 3312 2012 3378 Mommsen
2041 3335 2104 3398 p.
2137 3312 2275 3399 15);
2324 3313 2846 3399 Zephyrinum
2891 3315 3059 3378 inter
3104 3313 3234 3378 alia
3265 3314 3585 3396 statuisse,

679 3428 752 3485 ut
809 3421 876 3485 in
927 3420 1294 3504 praesentia
1352 3419 1634 3482 omnium
1682 3417 2060 3482 clericorum
2116 3425 2184 3482 et
2235 3417 2546 3482 laicorum
2589 3417 2878 3484 fidelium
2937 3418 3071 3481 sive
3131 3416 3404 3481 clericus
3450 3417 3583 3481 sive

680 3525 880 3590 levita
936 3526 1071 3589 sive
1132 3521 1435 3587 sacerdos
1496 3520 1901 3586 ordinaretur
1953 3520 2330 3606 (Duchesne
2376 3522 2410 3585 Ι
2453 3525 2556 3587 60.
2595 3526 2698 3587 61.
2740 3525 2888 3598 139;
2946 3521 3311 3586 Mommsen
3354 3543 3417 3606 p.
3451 3518 3583 3607 20).

680 3627 785 3693 Ex
830 3626 1184 3693 Cornelii
1240 3631 1458 3690 autem
1515 3625 1849 3689 notissima
1909 3625 2186 3709 epistola
2246 3624 2330 3690 ad
2373 3625 2648 3690 Fabium
2706 3645 2808 3711 ep.
2854 3623 3333 3690 Antiochenum
3390 3626 3588 3690 missa

683 3728 841 3816 (JK.
898 3728 1050 3815 106)
1108 3731 1570 3814 comperimus,
1638 3730 1769 3794 iam
1837 3749 2006 3794 saec.
2056 3729 2163 3792 ΠΙ
2228 3731 2290 3794 in
2361 3729 2637 3795 ecclesia
2700 3729 3000 3795 Romana
3064 3728 3262 3818 fuisse
3319 3729 3585 3815 presby-

684 3842 858 3901 teros
898 3838 1014 3917 46,
1063 3833 1369 3899 diaconos
1403 3838 1461 3917 7,
1519 3830 1945 3897 subdiaconos
1991 3838 2050 3917 7,
2097 3833 2431 3918 acolythos
2476 3835 2580 3916 42,
2627 3834 3000 3916 exorcistas,
3044 3833 3343 3918 lectores,
3390 3835 3586 3899 ostia·

683 3940 814 4003 rios
867 3941 971 4003 52.
1078 3935 1324 4001 Lucio
1381 3934 1415 3998 I
1477 3936 1739 4022 insuper
1821 3937 2234 4002 constitutum
2301 3935 2684 4002 adscribitur
2754 3943 2864 4021 „ut
2919 3936 2989 4000 II
3054 3936 3417 4023 presbyteri
3483 3938 3586 4004 vel

684 4043 793 4107 III
853 4041 1109 4107 diaconi
1180 4041 1248 4104 in
1322 4041 1495 4105 omni
1570 4040 1714 4107 loco
1790 4042 2167 4126 episcopum
2241 4062 2370 4105 non
2436 4040 2739 4107 deserant
2810 4049 3076 4126 propter
3149 4043 3584 4107 testimonium

684 4143 1230 4212 ecclesiasticum“
1302 4145 1458 4229 (JK.
1500 4147 1543 4225 ἦ·
1589 4143 1759 4231 123).
1873 4145 2228 4211 Praeterea
2292 4147 2359 4209 in
2424 4145 2804 4210 memoriam
2868 4145 3179 4210 reducere
3253 4146 3432 4211 iuvat
3503 4167 3586 4211 ex

683 4250 881 4316 Libro
935 4249 1316 4334 pontificali,
1372 4248 1857 4334 Stephanum
1904 4250 1939 4312 I
1980 4251 2292 4329 vetuisse,
2359 4271 2440 4314 ne
2492 4248 2902 4332 „sacerdotes
2960 4255 3027 4313 et
3081 4248 3320 4314 levitae
3374 4256 3588 4315 vestes

684 4359 970 4420 sacratas
1031 4355 1097 4417 in
1150 4375 1271 4418 usu
1331 4353 1705 4440 quotidiano
1765 4349 2100 4419 uterentur
2155 4355 2278 4417 nisi
2335 4355 2400 4417 in
2457 4352 2769 4419 ecclesia“
2821 4352 3193 4437 (Duchesne
3253 4354 3287 4417 I
3332 4357 3434 4420 68.
3482 4357 3585 4420 69.

691 4461 845 4535 154ς
904 4457 1271 4522 Mommsen
1312 4479 1375 4542 p.
1411 4457 1553 4543 33);
1607 4457 1953 4524 Felicem
1997 4458 2031 4521 I
2080 4459 2512 4541 constituisse,
2573 4479 2804 4542 „super
2848 4457 3143 4542 sepulcra
3190 4455 3586 4544 [memorias]

684 4567 1039 4646 martyrum
1105 4561 1334 4625 missas
1404 4560 1775 4627 celebrare“
1845 4560 2220 4646 (Duchesne
2280 4561 2316 4625 I
2364 4567 2464 4626 70.
2525 4567 2625 4626 71.
2689 4566 2837 4638 158;
2904 4562 3268 4628 Mommsen
3333 4582 3396 4645 p.
3445 4561 3587 4646 37);

685 4665 976 4730 Gaium
1045 4662 1442 4749 decrevisse,
1520 4673 1630 4750 „ut
1704 4665 1963 4731 ordines
2030 4687 2254 4731 omnes
2327 4667 2393 4730 in
2469 4665 2744 4731 ecclesia
2818 4667 2909 4730 sic
2980 4660 3467 4731 ascenderetur:
3534 4667 3588 4730 si

686 4769 829 4855 quis
872 4770 1213 4854 episcopus
1260 4789 1402 4834 esse
1448 4777 1837 4853 mereretur,
1900 4776 1974 4835 ut
2020 4776 2193 4835 esset
2238 4770 2562 4852 ostiarius,
2608 4769 2833 4851 lector,
2880 4771 3229 4854 exorcista,
3289 4790 3587 4854 sequens,

684 4872 1134 4956 subdiaconus,
1182 4871 1510 4954 diaconus,
1555 4874 1894 4960 presbyter
1942 4882 2007 4939 et
2055 4873 2287 4941 exinde
2335 4875 2676 4959 episcopus
2721 4872 3162 4939 ordinaretur“
3214 4872 3586 4958 (Duchesne

683 4977 719 5043 1
766 4980 869 5043 72.
916 4982 1018 5043 73.
1072 4981 1228 5055 161;
1313 4977 1679 5043 Mommsen
1744 5001 1806 5064 p.
1856 4979 2005 5066 39);
2082 4977 2551 5045 Miltiadem
2618 4979 2879 5061 fecisse,
2957 4976 3358 5063 „oblationes
3433 4997 3585 5041 con-

684 5089 969 5147 secratas
1033 5101 1154 5166 per
1209 5080 1519 5147 ecclesias
1581 5104 1665 5148 cx
1720 5089 2164 5149 consecratum
2225 5084 2512 5168 episcopi
2579 5082 2992 5168 dirigeretur,
3061 5080 3233 5166 quod
3293 5080 3585 5146 declara-

685 5194 799 5268 tur,
840 5183 1266 5254 fermentum“
1316 5183 1691 5273 (Duchesne
1740 5187 1771 5250 Ι
1820 5192 1920 5252 74.
1972 5192 2073 5253 75.
2128 5189 2275 5266 168;
2341 5186 2704 5253 Mommsen
2748 5209 2810 5275 p.
2846 5183 2988 5272 46);
3048 5183 3508 5252 silvestrum
3552 5185 3588 5250 Ι
