4065 6049
695 472 841 532 Eccl.
881 496 921 533 s,
949 472 1237 534 Laurentii
1275 477 1334 532 in
1370 474 1479 533 Via
1515 470 1818 534 Tiburtina
1855 500 1922 520 —⁴
1960 479 2106 534 Mon.
2144 499 2185 536 s.
2212 470 2498 551 Eugeniae
2535 481 2592 536 in
2618 472 2728 537 Via
2768 482 2985 537 Latina.
3164 480 3269 551 161

400 654 521 735 ΤΜ
2753 658 3124 740 (590-604
3137 659 3200 741 .2)

398 758 823 843 Gregorius
868 756 930 840 (I
949 756 1007 841 ἲ)
1054 758 1388 822 confirmat
1431 758 1895 843 indulgentiam
1942 761 2037 842 (n.
2070 762 2129 824 1.
2162 762 2254 839 3).

606 867 786 923 Laud.
823 873 888 921 ut
922 869 985 922 in
1019 885 1074 922 n.
1103 878 1144 923 1.
1183 898 1245 907 -
1287 868 1418 938 Rey.
1454 867 1569 924 JE.
1605 900 1688 920 —.

402 973 480 1036 *5
2840 980 3069 1059 (847-
3088 980 3202 1058 55)

401 1079 559 1143 Leo
609 1077 706 1142 IV
760 1085 1054 1143 octavam
1111 1080 1565 1164 assumptionis
1617 1079 1679 1143 b.
1713 1080 1958 1145 Mariae
2014 1079 2216 1164 diem,
2273 1101 2442 1164 quae
2491 1082 2754 1146 minime
2799 1083 3050 1147 Romae
3096 1091 3288 1149 antea

400 1184 752 1267 colebatur,
800 1186 1034 1269 vigiliis
1072 1187 1269 1249 sacris
1300 1187 1753 1271 matutinisque
1800 1207 1944 1250 cum
1993 1187 2165 1249 omni
2214 1185 2384 1250 clero
2431 1192 2837 1271 pernoctanS,
2884 1187 3180 1252 laudibus
3224 1190 3289 1252 in

400 1289 667 1354 basilica
722 1289 1011 1354 eiusdem
1076 1288 1136 1353 b.
1178 1290 1459 1374 Mariae,
1525 1312 1691 1375 quae
1749 1290 1906 1354 foris
1959 1311 2176 1354 muros
2243 1292 2423 1354 iuxta
2476 1289 2806 1356 basilicam
2861 1315 2910 1356 s.
2956 1293 3287 1357 Laurentii

400 1398 586 1457 mart.
636 1395 759 1458 sita
804 1400 923 1476 est,
970 1392 1301 1458 celebrare
1346 1396 1680 1480 praecipit.

606 1504 788 1560 Laud.
823 1505 887 1558 in
919 1505 1041 1560 Vita
1077 1504 1279 1558 Leonis
1315 1504 1412 1558 IV
1437 1504 1581 1575 (Lib.
1609 1504 1819 1574 pontif.
1856 1505 1937 1560 ea.
1977 1504 2259 1560 Duchesne
2294 1505 2368 1559 11
2399 1505 2527 1573 112).
2564 1536 2630 1545 —
2670 1506 2798 1576 1³09.
2835 1506 2945 1562 ,ΤΕ
2985 1540 3067 1563 -.

404 1627 484 1688 *6
2245 1644 2247 1647 ’
3047 1633 3176 1697 977

400 1733 476 1794 ln
521 1732 888 1816 praesentia
932 1731 1368 1818 (Benedicti
1401 1732 1584 1818 Vll),
1632 1733 1695 1796 in
1726 1704 2149 1797 Lateranensi
2196 1734 2460 1818 palatie,
2509 1755 2704 1799 causa
2748 1737 2915 1800 inter
2958 1631 3285 1821 Tbeosshi-

401 1836 638 1899 lactum
707 1835 1011 1901 abbatem
1077 1858 1247 1901 mon.
1308 1859 1356 1900 s.
1388 1838 1719 1901 Laurentii
1788 1836 1943 1901 foris
1999 1858 2216 1901 muros
2272 1844 2339 1902 et
2395 1839 2837 1904 Constantiam
2894 1839 3285 1906 abbatissam

402 1962 569 2004 mon.
617 1965 665 2005 s.
701 1942 945 2005 Mariae
993 1963 1055 2026 q.
1103 1963 1159 2005 v,
1209 1941 1507 2025 Tempuli
1554 1943 1818 2025 eiusque
1865 1950 2195 2007 consortes
2240 1945 2469 2027 agitur.

608 2050 787 2107 Laud.
833 2053 895 2106 in
944 2053 1132 2106 charta
1177 2071 1228 2108 a.
1267 2061 1366 2107 977
1406 2054 1525 2109 iun.
1554 2062 1586 2107 4
1623 2054 1687 2107 in
1726 2054 1853 2124 Ray.
1889 2054 2164 2109 Sublaeen.
2202 2072 2244 2109 s,
2275 2055 2411 2109 XII
2436 2055 2481 2121 f.
2509 2064 2603 2110 144
2647 2055 2750 2125 (ed.
2788 2056 2974 2110 Aaodi
3008 2074 3035 2110 c
3070 2056 3199 2109 Lem‘
3236 2056 3294 2110 11

398 2143 598 2208 reyesto
632 2138 947 2193 Sublacense
972 2155 1030 2207 p.
1059 2146 1152 2195 168
1185 2157 1240 2195 n.
1268 2141 1407 2209 120).
1445 2170 1511 2179 —
1549 2140 1681 2211 Req.
1718 2140 1826 2197 JL.
1863 2172 1947 2197 —.

722 2416 1234 2484 nonasterium
1282 2434 1378 2484 ss.
1411 2415 1757 2502 Stephani
1803 2417 1882 2485 et
1925 2416 2248 2485 Cassiani
2294 2417 2369 2483 in
2399 2417 2532 2486 Via
2573 2417 2979 2485 TiburtIna.

620 2555 756 2619 Iam
805 2556 1263 2640 antiquissimis
1307 2556 1707 2642 temporibus
1739 2556 2083 2622 exstabant
2121 2557 2294 2642 apud
2325 2557 2655 2622 basilicam
2701 2581 2750 2622 s.
2783 2558 3115 2624 Laurentii
3162 2559 3288 2623 duo

403 2661 812 2742 monasteria,
860 2661 1132 2726 alterum
1180 2684 1228 2726 s.
1263 2660 1594 2746 Stephani,
1642 2660 1977 2726 fundatum
2009 2660 2092 2725 ab
2123 2661 2353 2725 Hilaro
2385 2681 2557 2746 papa
2589 2661 2676 2748 (n.
2719 2661 2801 2747 1),
2849 2669 3288 2728 consecratum

402 2784 442 2825 a
498 2762 826 2849 Simplicio
903 2763 993 2849 (n.
1047 2766 1144 2851 2),
1220 2770 1597 2830 renovatum
1660 2765 1744 2830 ab
1803 2764 2140 2830 Hadriano
2189 2765 2223 2828 Ι
2286 2765 2454 2851 (Lib.
2512 2765 2739 2852 pontif.
2788 2767 2889 2831 ed.
2944 2767 3288 2832 Duchesne

403 2866 433 2927 Ι
468 2868 620 2951 508)
668 2876 735 2933 et
781 2869 1154 2935 decoratum
1199 2892 1239 2935 a
1283 2872 1504 2936 Leone
1550 2870 1649 2936 IV
1691 2870 1761 2956 (l.
1796 2893 1848 2935 c.
1904 2870 1974 2933 H
2026 2873 2203 2952 112);
2263 2870 2537 2935 alterum
2592 2894 2641 2935 s.
2674 2871 2983 2936 Cassiani.
3074 2872 3289 2936 Ambo

402 2973 538 3037 Leo
585 2972 690 3037 III
749 2977 1140 3041 ornamentis
1195 2975 1614 3061 locupletavit
1668 2976 1734 3058 (l.
1768 2997 1822 3041 c.
1869 2973 1939 3038 ΙΙ
1985 2973 2117 3059 23).
2228 2975 2365 3041 Leo
2414 2975 2509 3041 IV
2556 2976 2862 3062 denique,
2920 2998 3115 3062 quum
3172 2998 3289 3061 pro

404 3098 640 3163 magna
685 3083 1083 3164 paupertatis
1130 3082 1348 3165 inopia
1393 3083 1457 3145 in
1489 3080 1889 3146 desolatione
1937 3080 2201 3145 redacta
2247 3102 2327 3144 ea
2372 3081 2736 3165 invenisset,
2785 3102 3019 3144 novum
3064 3103 3287 3145 mona-

401 3184 664 3246 sterium
711 3184 829 3248 sub
874 3186 1131 3250 nomine
1179 3208 1259 3249 sS.
1294 3184 1606 3270 Stephani
1653 3192 1720 3250 et
1750 3185 2041 3250 Cassiani
2089 3186 2361 3248 instituit
2393 3184 2608 3270 ibique
2640 3184 2988 3249 monachos
3019 3206 3290 3270 graecos

400 3288 614 3369 posuit
661 3287 747 3372 (n.
782 3290 868 3370 3).
959 3290 1158 3354 Plura
1203 3289 1542 3373 nescimus,
1591 3311 1784 3374 quum
1831 3295 2247 3354 monumenta
2293 3288 2520 3353 desint.

401 3424 480 3485 *1
2844 3429 3080 3512 (461-
3092 3431 3205 3511 68)

403 3528 721 3594 Hilarus
766 3532 1040 3597 instituit
1081 3534 1542 3598 monasterium
1589 3532 1672 3598 ad
1718 3555 1767 3596 s.
1801 3534 2240 3597 Laurentium.

609 3640 788 3695 Laud.
814 3643 877 3695 in
900 3642 1026 3696 Vita
1048 3643 1239 3698 fluam·
1262 3643 1409 3713 (Lib.
1427 3644 1632 3714 pontif.
1654 3643 1734 3697 ea.
1760 3643 2039 3697 Mem
2061 3644 2101 3696 ι
2115 3651 2240 3709 2455
2275 3641 2573 3696 Mommsen
2594 3659 2652 3710 p.
2674 3645 2804 3710 110).
2824 3670 2890 3680 —
2910 3642 3038 3710 12⁶9.
3064 3642 3178 3696 ΔΚ.
3204 3672 3287 3696 -.

402 3762 485 3826 *2
2872 3767 3173 3827 468-83

404 3867 852 3953 Simplicius
898 3870 1158 3936 dedicat
1202 3870 1534 3935 basilicam
1582 3894 1630 3935 s.
1665 3870 1980 3955 Stephani
2024 3871 2205 3934 iuxta
2249 3869 2580 3934 basilicam
2628 3892 2677 3936 s.
2710 3768 3059 3933 Laui-eutii.
3166 3768 3203 3847 )

403 4065 507 4120 JK
609 3979 791 4036 Laud.
827 3983 891 4035 in
928 3981 1050 4037 Vita
1086 3983 1345 4052 &suplicii
1378 3983 1524 4051 (ω.
1555 3983 1756 4052 pontif.
1790 3982 1870 4037 αι.
1909 3982 2199 4037 υιιειιωηι
2236 3982 2277 4035 1
2304 3990 2436 4047 249,·
2472 3981 2767 4035 Momm
2799 3997 2852 4048 p.
2881 3980 3009 4048 112).
3046 4010 3113 4021 --
3164 3980 3289 4050 Rey.

402 4189 484 4251 *3
2841 4188 3203 4271 (847—55)

402 4294 558 4359 Leo
607 4295 701 4361 IV
762 4300 1218 4363 monasterium
1266 4299 1438 4384 quod
1483 4319 1648 4363 nunc
1692 4303 1958 4362 vocatur
2016 4320 2065 4362 s.
2099 4296 2411 4381 Stephani
2457 4301 2524 4360 et
2567 4294 2857 4359 Cassiam
2904 4301 3286 4377 restaurans,

403 4398 774 4463 muneribus
835 4424 910 4465 ac
966 4403 1201 4467 divitiis
1246 4405 1748 4487 locupletissime
1803 4408 2126 4489 perornat.
2231 4401 2307 4465 In
2370 4422 2498 4486 quo
2554 4401 2748 4463 etiam
2803 4405 3062 4463 sanctae
3134 4420 3285 4462 con-

403 4508 781 4570 versationis
826 4509 1041 4591 plures
1085 4528 1319 4592 graeco
1366 4509 1693 4572 constituit
1738 4507 2088 4572 monachos
2133 4527 2391 4590 genere.

611 4617 787 4673 Laud.
824 4619 888 4672 in
929 4617 1058 4674 Vita
1093 4618 1294 4672 Leones
1328 4618 1421 4673 IV
1449 4618 1592 4686 (Lib.
1620 4619 1818 4688 pontif.
1855 4617 1932 4673 αι.
1971 4617 2262 4672 Duchesne
2299 4616 2373 4670 11
2404 4618 2539 4685 113).
2581 4646 2641 4657 -
2682 4615 2804 4684 Βῳ.
2845 4614 2961 4670 JE.
3004 4643 3081 4667 -.

835 4897 1350 4964 nonasteriulm
1395 4913 1453 4964 s.
1497 4896 1853 4979 Eugeniae
1899 4895 2115 4962 extra
2160 4895 2449 4979 portam
2494 4892 2845 4960 Latinam.

615 5039 1082 5124 Antiquissima
1135 5039 1410 5104 ecclesia
1465 5061 1514 5103 s.
1554 5036 1888 5123 Eugeniae
1948 5042 2307 5101 restaurata
2360 5034 2481 5104 fuit
2533 5057 2571 5099 a
2617 5034 2905 5098 Iohanne
2937 5030 3070 5095 VII
3113 5027 3283 5113 (Lib.

403 5143 628 5227 pontif.
677 5141 778 5207 ed.
827 5141 1172 5207 Duchesne
1227 5142 1259 5204 I
1315 5145 1469 5218 385;
1536 5141 1898 5206 Mommsen
1940 5162 2002 5225 p.
2042 5139 2198 5224 219)
2246 5145 2313 5204 et
2355 5137 2437 5203 ab
2466 5137 2801 5202 Hadriano
2835 5137 2867 5199 I
2913 5133 3284 5219 (Duchesne

300 5293 304 5297 »
403 5245 437 5309 1
476 5246 658 5331 509),
727 5249 837 5332 qui
881 5247 967 5310 ibi
1015 5248 1471 5311 monasterium
1526 5246 1887 5331 puellarum
1957 5245 2285 5309 constituit
2333 5240 2423 5326 (n.
2472 5241 2565 5327 1),
2635 5247 2890 5306 auctum
2954 5236 3187 5302 deinde
3247 5258 3286 5299 a

504 5366 676 5419 xant,
702 5367 834 5411 luna
857 5367 1086 5422 pontificis
1111 5367 1150 5410 1.
2914 5342 2973 5396 ll
