4065 6049
683 427 831 483 Mon.
867 446 935 482 ss.
962 427 1196 483 Adriani
1231 430 1404 498 atque
1442 428 1731 486 Laurentii
1767 460 1834 471 —
1880 429 2026 485 Mon.
2063 449 2103 485 s.
2143 430 2432 489 Laurentii
2467 431 2529 487 in
2566 428 2927 501 Panisperna.
3162 433 3245 496 59

364 601 448 666 ab
492 601 826 667 Hadriano
870 602 905 667 Ι
950 602 1121 688 (Lib.
1168 604 1393 688 pontif.
1440 604 1543 669 ed.
1575 604 1919 670 Dnchesne
1965 605 1997 668 I
2044 604 2198 689 508)
2243 611 2312 670 et
2356 604 2560 670 ditata
2604 627 2644 670 a
2686 607 2908 671 Leone
2941 604 3044 668 III
3088 603 3159 688 (l.
3192 625 3246 668 c.

363 706 432 769 11
471 711 566 770 11.
600 709 703 769 21.
734 706 874 791 34),
935 729 976 772 a
1028 705 1344 793 Gregorio
1391 707 1489 772 IV
1553 708 1620 789 (l.
1662 730 1714 773 c.
1762 707 1831 772 11
1877 707 1988 795 77)
2034 715 2102 774 et
2153 731 2193 773 a
2250 708 2578 795 Stephano
2624 709 2687 775 V
2739 708 2808 794 (l.
2851 730 2905 773 c.
2953 709 3021 772 11
3078 708 3246 794 195).

363 810 702 875 Renovata
756 809 1033 897 denique
1089 812 1211 876 fuit
1263 811 1381 876 sub
1436 811 1753 898 Gregorio
1806 812 1939 878 VII
1991 819 2060 878 et
2114 820 2488 878 consecrata
2547 836 2588 879 a
2638 812 2993 879 Benedicto
3060 813 3248 877 huius

364 916 530 980 tituli
585 914 921 1000 cardinali,
978 918 1156 981 cuius
1208 919 1522 983 memoria
1576 917 1787 983 adhuc
1850 918 2169 983 invenitur
2230 919 2295 982 in
2349 918 2569 983 tabula
2619 938 3000 982 marmorea.
3103 916 3244 981 Iam

365 1019 760 1105 temporibus
802 1022 1040 1087 Leonis
1077 1021 1181 1086 III
1220 1022 1519 1088 exstabat
1563 1022 1666 1087 hic
1696 1024 2153 1088 monasterium
2200 1045 2281 1088 ss.
2313 1023 2714 1108 Euphemiae
2760 1029 2827 1088 et
2853 1020 3246 1107 Archangeli

365 1122 434 1205 (l.
475 1144 528 1187 c.
586 1122 655 1186 ΙΙ
694 1122 826 1208 24).
926 1124 1299 1211 Antiquitus
1353 1126 1693 1191 ecclesiam
1758 1125 2000 1211 clerici,
2067 1126 2216 1192 inde
2272 1126 2353 1192 ab
2410 1126 2745 1191 Hadriano
2800 1125 2897 1191 IV
2951 1123 3107 1209 (non
3165 1122 3246 1189 ab

364 1226 739 1293 Innocentio
785 1228 872 1310 ΙΙ,
919 1236 990 1294 ut
1033 1229 1357 1295 affirmant
1400 1230 1748 1295 Panvinius
1793 1236 1859 1295 et
1885 1229 2226 1317 Ugonius),
2273 1232 2559 1296 canonici
2605 1231 2935 1316 regulares
2979 1250 3246 1315 congre-

368 1333 649 1418 gationis
693 1355 742 1397 s.
774 1334 1019 1399 Mariae
1066 1333 1148 1399 de
1191 1334 1423 1400 Rheno
1470 1341 1829 1401 tenuerunt.
1916 1334 2036 1401 Est
2079 1335 2288 1401 adhuc
2335 1336 2554 1401 titulus
2598 1333 3074 1420 presbyteralis.

581 1523 727 1588 Non
771 1530 1167 1609 compertum
1198 1524 1511 1589 habemus
1541 1546 1623 1590 an
1664 1548 1713 1590 s.
1746 1525 2191 1591 Pudentianae
2223 1524 2497 1591 ecclesia
2527 1525 2891 1589 etiamnunc
2921 1523 3248 1589 archivum

362 1628 692 1713 proprium
724 1626 1081 1713 possideat3
1114 1628 1501 1694 documenta
1532 1636 1747 1694 tamen
1778 1630 2129 1695 vetustiora
2151 1629 2510 1694 Bononiam
2541 1629 2606 1693 in
2630 1628 2957 1694 archivum
2989 1628 3247 1694 canoni-

364 1753 585 1797 corum
629 1754 681 1795 s.
716 1731 1068 1798 Salvatoris
1111 1734 1597 1819 transmigrasse
1641 1733 1956 1799 videntur.

358 1923 483 2001 †*1
2752 1922 3159 2005 (ΗΟ-559)

360 2026 545 2091 Pius
589 2026 621 2089 I
677 2048 760 2091 ex
817 2033 1045 2112 rogatu
1100 2027 1161 2092 b.
1204 2027 1521 2093 Praxedis
1587 2028 1846 2094 dedicat
1913 2029 2255 2095 ecclesiam
2323 2028 2607 2093 thermas
2672 2027 2938 2110 Novati,
2996 2028 3060 2091 in
3105 2027 3247 2091 vico

361 2131 646 2212 Patricii,
692 2132 756 2196 in
802 2131 1045 2197 honore
1091 2132 1327 2197 sororis
1369 2152 1523 2198 suae
1569 2156 1617 2195 s.
1649 2134 2098 2217 Potentianae,
2143 2132 2251 2197 ubi
2296 2138 2364 2197 et
2407 2131 2610 2196 multa
2653 2130 2822 2196 dona
2867 2131 3073 2196 offert.

571 2241 751 2297 Laud.
787 2242 850 2295 in
881 2242 1007 2298 vita
1046 2242 1143 2297 1³52·
1178 2242 1323 2312 (1250.
1340 2244 1543 2312 pontis.
1580 2244 1658 2298 αι.
1696 2243 1973 2298 Dudum
2008 2244 2051 2297 ι
2085 2249 2207 2310 132;
2253 2244 2550 2300 Mommsen
2584 2261 2643 2313 p.
2677 2246 2791 2311 ιι),
2838 2241 2936 2297 ubi
2968 2241 3249 2297 ααηοιαιεο

357 2328 489 2384 haec
524 2328 736 2384 adiecta
766 2328 883 2398 suit
918 2344 985 2383 cx
1021 2329 1170 2384 Actis
1204 2346 1274 2386 88.
1299 2329 1683 2385 Padauium
1719 2335 1767 2385 ct
1801 2330 2090 2386 Fraudis.
2128 2360 2189 2370 —
2230 2330 2355 2400 Req.
2392 2328 2510 2386 JK.
2548 2359 2629 2383 —.

739 2423 820 2480 De
854 2423 961 2481 fide
996 2423 1233 2481 notitiae
1270 2424 1338 2480 cf.
1374 2424 1666 2482 Dnchesne
1702 2425 1738 2481 l.
1765 2444 1813 2481 c.
1851 2426 1875 2480 1
1904 2427 2002 2482 133
2038 2431 2154 2483 not.
2177 2425 2228 2481 8.

355 2565 403 2626 2
2019 2565 2227 2631 Roma
2271 2565 2341 2632 S.
2374 2564 2589 2631 Pietro
2636 2564 2803 2627 1155
2849 2568 3035 2629 mart.
3083 2563 3169 2626 17

360 2667 815 2733 Hadrianus
860 2668 975 2753 IV,
1022 2675 1284 2754 petente
1330 2667 1627 2736 Guidone
1674 2669 1884 2756 presb.
1933 2670 2107 2736 card.
2155 2671 2250 2735 tit.
2296 2669 2608 2752 Pastoris,
2654 2669 2998 2733 committit
3042 2666 3249 2732 eccle-

359 2776 519 2838 siam
576 2796 625 2838 s.
657 2772 1102 2840 Pudentianae
1158 2776 1479 2840 canonicis
1534 2798 1582 2840 s.
1628 2776 1874 2841 Mariae
1933 2776 2014 2842 de
2071 2776 2302 2842 Rheno
2365 2782 2433 2841 et
2499 2775 2833 2840 confirmat
2898 2773 3034 2838 eius
3100 2792 3247 2857 pos-

361 2880 698 2943 sessiones.

740 3005 790 3043 v.
826 2987 1093 3059 Bologua,
1130 2987 1277 3043 Eccl.
1314 3006 1355 3043 s.
1381 2987 1592 3045 Mariae
1629 2988 1698 3046 de
1735 2988 1944 3047 Rheno,

967 3231 1485 3301 nonasterium
1529 3251 1589 3300 s.
1636 3233 2009 3301 Laurentii
2054 3233 2133 3301 in
2179 3233 2643 3319 Paulsperna.

1341 3353 1483 3421 (San
1521 3352 1762 3409 Lorenzo
1797 3352 1855 3408 in
1891 3353 2279 3424 Panisperna.)

572 3473 928 3529 Panciroli
959 3478 1051 3545 ⁸p.
1075 3475 1293 3543 424sq.;
1322 3478 1415 3544 ¹p.
1441 3476 1636 3543 271sq.
1665 3504 1730 3515 —
1758 3473 1978 3531 Lubin
2006 3494 2061 3545 p.
2083 3475 2201 3531 337.
2228 3506 2293 3515 -
2320 3474 2562 3530 Piazza
2596 3493 2652 3545 p.
2678 3475 2775 3530 591
2798 3493 2879 3543 sq.
2916 3505 2983 3513 —
3020 3472 3250 3540 Nibby

365 3562 605 3629 1305sq.
628 3589 695 3600 -
719 3560 1031 3618 Adinolsi
1068 3561 1251 3617 11250
1274 3580 1356 3631 sq.
1382 3589 1448 3600 —-
1491 3560 1861 3617 Armellini
1891 3564 1984 3632 ⁸1).
2010 3563 2136 3626 30oe
2179 3566 2201 3597 ¹
2227 3581 2282 3633 p.
2310 3563 2424 3617 199.
2464 3591 2527 3600 —
2566 3561 2627 3616 Ρ.
2659 3561 2924 3615 Andrea
2958 3560 3026 3614 de
3065 3558 3249 3613 Rocca

363 3646 422 3700 di
467 3647 625 3717 Papa
661 3648 924 3703 Memorio
972 3646 1216 3705 storiche
1265 3648 1418 3705 della
1464 3647 1653 3704 chiesa
1701 3668 1732 3707 e
1767 3654 2083 3707 monastero
2119 3650 2175 3706 di
2214 3652 2267 3706 S.
2294 3650 2534 3707 Lorenzo
2571 3650 2628 3706 in
2665 3649 3011 3720 Panisperna
3046 3647 3249 3714 (Roma

371 3733 538 3802 1893).
578 3765 641 3775 -
680 3733 1026 3790 Marucchi
1064 3754 1117 3806 p.
1148 3735 1272 3791 374.

581 3873 792 3939 Huius
855 3875 1168 3940 ecclesiae
1232 3877 1505 3961 primam
1559 3877 1851 3940 notitiam
1917 3877 2274 3941 invenimus
2327 3878 2392 3941 in
2436 3877 2590 3942 Vita
2641 3876 2958 3941 Hadriani
3009 3875 3070 3959 I,
3140 3875 3250 3959 qui

366 3979 710 4044 ecclesiam
778 4001 827 4044 s.
881 3980 1191 4045 Laurenti
1254 4002 1315 4064 q.
1370 4001 1520 4065 app.
1582 3979 1666 4045 ad
1719 3979 2145 4045 Formonsum
2201 3982 2585 4046 restauravit
2637 3978 2811 4064 (Lib.
2874 3979 3098 4064 pontif.
3146 3976 3248 4043 ed.

362 4083 707 4148 Dnchesne
752 4082 787 4147 Ι
833 4081 1011 4169 507),
1055 4089 1123 4148 et
1167 4084 1232 4147 in
1275 4083 1430 4148 Vita
1474 4084 1715 4148 Leonis
1759 4084 1892 4169 ΙΙΙ,
1949 4086 2058 4170 qui
2103 4084 2434 4150 basilicam
2479 4084 2542 4150 b.
2588 4083 2919 4150 Laurentii
2978 4083 3041 4146 in
3086 4080 3247 4146 For-

366 4208 659 4252 monsum
719 4186 948 4253 ditavit
1000 4185 1069 4271 (l.
1102 4208 1158 4254 c.
1204 4187 1272 4250 11
1323 4192 1420 4252 11.
1468 4186 1600 4272 20).
1699 4188 1941 4253 Postea
1993 4210 2229 4255 nomen
2273 4212 2322 4253 s.
2368 4189 2697 4254 Laurentii
2742 4189 2806 4251 in
2850 4186 3250 4271 Panisperna

365 4292 635 4377 accepit.
749 4292 892 4367 Quo
961 4297 1250 4376 tempore
1318 4293 1775 4357 monasterium
1841 4294 2198 4370 institutum
2265 4295 2348 4358 sit
2410 4294 2746 4359 nescimus.
2856 4292 3142 4356 Primum
3211 4311 3250 4353 a

366 4395 698 4460 monachis
744 4393 877 4460 ord.
924 4416 973 4458 s.
1019 4393 1358 4460 Benedicti
1403 4394 1775 4480 regebatur,
1822 4403 2051 4482 postea
2094 4420 2135 4463 a
2177 4397 2506 4463 monachis
2551 4394 2972 4479 Cavensibus,
3020 4392 3249 4480 quibus

365 4499 695 4583 Eugenius
727 4498 831 4562 III
876 4499 1332 4563 monasterium
1377 4498 1462 4562 ad
1501 4500 1976 4565 reformandam
2020 4500 2260 4566 ibidem
2306 4500 2631 4567 labentem
2675 4500 3052 4585 religionem
3098 4520 3249 4563 con-

368 4602 591 4684 cessit,
635 4607 708 4666 ut
766 4601 1086 4687 colligitur
1131 4622 1213 4666 ex
1272 4602 1629 4667 Alexandri
1675 4604 1778 4666 III
1839 4604 2015 4669 bulla
2060 4627 2175 4691 pro
2221 4605 2609 4670 monasterio
2672 4603 2944 4668 Cavensi
2990 4625 3047 4667 a.
3088 4606 3249 4667 1169

368 4706 492 4769 ian.
525 4709 607 4771 30
677 4704 825 4788 (JL.
889 4703 1157 4791 11590),
1226 4704 1504 4791 denique
1578 4707 1949 4772 monialium
1997 4730 2046 4772 s.
2095 4708 2327 4774 Clarae
2373 4708 2495 4773 fuit
2537 4729 2740 4793 usque
2804 4705 2887 4773 ad
2940 4728 2998 4771 a.
3066 4710 3246 4785 1873,

371 4808 625 4894 quando
686 4816 785 4875 est
837 4828 1269 4895 suppressum.
1358 4809 1821 4875 Monasterium
1875 4811 2030 4875 olim
2076 4811 2531 4877 recensebatur
2573 4812 2740 4876 inter
2783 4811 3078 4895 antiquas
3120 4809 3249 4875 XX

371 4912 559 4978 Urbis
603 4912 916 4979 abbatias.
1003 4912 1297 4979 Ecclesia
1341 4919 1439 4978 est
1482 4914 1703 4978 titulus
1749 4913 2205 5000 presbyteralis
2250 4938 2333 4982 ex
2377 4916 2586 5003 gratia
2629 4916 2868 4981 Leonis
2910 4913 2995 4978 X.

581 5086 930 5151 Archivum
976 5086 1288 5173 disparuit
1332 5093 1620 5172 tempore
1666 5089 2150 5172 suppressionis.
2239 5087 2515 5154 Exstant
2556 5087 2932 5172 apographa
2975 5085 3248 5149 collecta

369 5211 408 5255 a
450 5190 526 5256 P.
559 5191 636 5256 L.
670 5189 939 5258 Galletti
983 5192 1404 5260 Miscellanca
1446 5191 1572 5256 vol.
1604 5191 1852 5258 XXIV.
1898 5193 2091 5259 XXV
2137 5193 2202 5256 in
2247 5191 2387 5258 cod.
2420 5192 2568 5257 Vat.
2600 5191 2711 5260 lat.
2746 5196 2931 5258 7945.
2968 5193 3134 5255 7946
3179 5195 3248 5264 et
