4065 6049
743 492 829 557 98
2099 480 2294 542 Roma.

1670 828 2218 899 Xenodochium
2262 828 2339 896 in
2384 828 2711 896 Platana.

972 986 1123 1052 Non
1153 987 1473 1051 invenitur
1518 988 1583 1051 in
1612 985 1808 1051 Urbis
1837 986 2299 1062 monumentis3
2346 1006 2432 1050 ex
2463 1005 2590 1069 quo
2622 983 2977 1069 deducitur,
3017 984 3139 1048 hoc
3171 984 3643 1050 xenodochium

747 1093 993 1157 unitum
1042 1091 1237 1156 fuisse
1285 1090 1619 1156 diaconiae
1665 1112 1714 1155 s.
1746 1088 2076 1154 Eustachii
2123 1088 2233 1174 (cf.
2264 1087 2609 1153 Duchesne
2640 1087 2782 1152 Lib.
2816 1088 3042 1172 pontif.
3075 1087 3143 1152 H
3174 1090 3257 1153 46
3303 1093 3433 1153 not.
3471 1086 3641 1173 108).

745 1265 826 1327 *1
3356 1261 3480 1308 -ν

748 1366 1183 1452 Stephanus
1228 1366 1306 1430 II
1365 1366 1592 1432 fundat
1643 1364 2120 1431 xenodochium
2175 1365 2241 1429 in
2294 1364 2601 1448 Platana,
2661 1370 2917 1429 centum
2971 1260 3357 1449 pauperia?
3383 1262 3639 1447 eggan,

750 1471 1130 1556 dispositum
1177 1471 1307 1534 illic
1355 1470 1616 1555 faciens,
1663 1469 2107 1555 quotidianum
2152 1468 2456 1533 videlicet
2485 1470 2721 1533 victum
2768 1488 2990 1533 eorum
3036 1468 3389 1534 decernens
3433 1466 3642 1533 tribui.

954 1598 1137 1653 Laud.
1175 1598 1238 1652 in
1275 1598 1405 1652 Vita
1437 1597 1697 1666 ,stephani
1720 1596 1799 1652 11
1827 1596 1972 1664 (m.
2001 1595 2204 1666 pontif.
2240 1595 2320 1653 ea.
2357 1596 2643 1651 Ducum
2680 1596 2721 1650 Ι
2747 1597 2894 1664 440).
2930 1626 3001 1636 —
3036 1596 3167 1666 Rey.
3204 1596 3327 1651 JE.
3364 1626 3447 1650 -.

1358 1925 1879 1994 monasterinm
1922 1924 2135 1992 iuxta
2178 1924 2504 1993 thermas
2549 1922 3056 2009 Agrippianas.

972 2085 1075 2150 Ex
1120 2083 1420 2170 Gregorii
1451 2084 1486 2148 I
1531 2084 1820 2170 epistolis
1864 2082 2314 2167 comperimus,
2359 2081 2716 2146 Iohannem
2761 2080 3207 2167 presbyterum
3254 2079 3318 2145 S.
3344 2080 3426 2146 R.
3459 2080 3534 2146 E.
3581 2082 3647 2146 in

757 2190 950 2254 domo
1020 2188 1176 2252 iuris
1238 2189 1335 2252 sui
1403 2188 1615 2273 posita
1674 2188 1857 2251 iuxta
1922 2185 2210 2250 thermas
2272 2184 2710 2271 Agrippianas
2776 2185 3125 2249 oratorium
3195 2186 3646 2269 construxisse,

619 2298 636 2321 ²
754 2292 973 2378 ibique
1043 2291 1356 2377 quosdam
1422 2291 1667 2357 reditus
1731 2290 1933 2375 legati
2001 2289 2187 2354 titulo
2249 2309 2368 2373 per
2434 2293 2889 2353 testamentum
2956 2288 3325 2372 reliquisse3
3392 2289 3458 2352 in
3520 2309 3647 2374 quo

759 2398 1041 2462 oratorio
1088 2418 1417 2462 servorum
1463 2396 1587 2461 Dei
1632 2393 2202 2479 congregationem
2245 2392 2452 2456 voluit
2496 2412 2667 2469 esse;
2715 2412 2879 2476 quae
2926 2393 3143 2457 omnia
3185 2398 3258 2457 ut
3301 2392 3647 2479 impleren-

757 2508 880 2585 tur,
926 2500 1199 2587 Pelagio
1244 2522 1455 2587 papae
1502 2500 1855 2587 deputavit.
1945 2497 2179 2582 Itaque
2226 2495 2577 2580 Gregorius
2622 2496 2654 2559 I
2700 2517 2758 2560 a.
2791 2498 2915 2561 596
2967 2495 3269 2561 abbatem
3326 2496 3649 2582 quendam

757 2626 903 2669 cum
959 2607 1459 2690 congregatione
1515 2625 1631 2668 sua
1687 2603 1818 2667 illic
1882 2602 2156 2666 instituit
2207 2599 2297 2686 (n.
2338 2602 2419 2686 1).
2533 2599 2663 2665 Sed
2732 2600 3033 2684 quoniam
3101 2620 3218 2685 pro
3286 2606 3648 2685 temporum

759 2708 1140 2773 difficultate
1195 2729 1363 2773 nova
1414 2727 1743 2772 servorum
1795 2704 1921 2770 Dei
1980 2704 2397 2790 congregatio
2455 2703 2746 2768 adhiberi
2792 2703 2962 2767 ultra
3020 2724 3147 2767 non
3190 2705 3430 2788 potuit,
3475 2702 3650 2767 idem

764 2810 1116 2897 Gregorius
1164 2833 1223 2876 a.
1258 2814 1383 2876 599
1430 2811 1812 2876 feminarum
1870 2807 1959 2872 ibi
2005 2809 2574 2892 congregationem
2619 2806 3133 2872 constituendam
3178 2827 3320 2871 esse
3368 2807 3655 2873 decrevit

763 2914 855 2999 (n.
889 2915 977 3000 2).
1067 2915 1264 2981 Cuius
1308 2915 1680 2980 monasterii
1725 2913 2048 2978 fortunam
2094 2932 2353 2998 prorsus
2397 2912 2782 2997 ignoramus.

769 3092 809 3151 1
3255 3083 3383 3147 596
3426 3081 3539 3148 iul.

764 3193 1198 3279 Gregorius
1236 3193 1270 3257 I
1316 3240 1332 3257 .
1367 3242 1382 3257 .
1430 3190 1680 3257 abbati:
1728 3191 2075 3276 constituit,
2119 3196 2192 3256 ut
2236 3190 2604 3273 oratorium,
2652 3187 2823 3274 quod
2869 3187 3191 3253 Iohannes
3221 3085 3446 3272 {reeb
3479 3086 3656 3251 S.)R.

769 3297 844 3362 E.
891 3299 956 3361 in
1003 3298 1196 3363 domo
1242 3297 1396 3360 iuris
1442 3297 1578 3361 eius
1624 3297 1803 3361 iuxta
1849 3295 2134 3359 thermas
2174 3293 2611 3379 Agrippianas
2656 3292 3035 3374 construxit,
3092 3289 3377 3355 dedicari
3422 3288 3661 3366 debeat

771 3400 988 3486 ibique
1034 3400 1235 3466 abbas
1279 3400 1387 3464 ille
1434 3420 1579 3463 cum
1624 3399 2126 3485 congregatione
2171 3399 2619 3481 constituatur,
2665 3396 2766 3459 cui
2809 3395 3239 3480 proprietates
3285 3414 3323 3458 a
3369 3392 3659 3458 Iohanne

766 3510 1075 3570 testatore
1121 3505 1379 3570 relictas
1424 3504 1726 3589 assignat.
1773 3539 1859 3550 —
1905 3503 2359 3568 Ecclesiastica
2404 3501 2728 3566 damnum.

975 3615 1106 3685 Περ.
1147 3614 1309 3685 Grey.
1335 3614 1376 3668 I
1402 3612 1484 3668 Ζῶ.
1525 3612 1606 3666 V1
1637 3629 1718 3681 ep.
1741 3618 1830 3668 42.
1868 3641 1933 3651 —
1971 3610 2082 3667 Ed.
2121 3612 2274 3668 Mon.
2315 3610 2491 3666 Germ.
2530 3610 2672 3680 Epp.
2711 3610 2887 3665 1417.
2923 3640 2989 3649 -
3029 3608 3154 3678 Περ.
3178 3608 3294 3664 JE.
3340 3639 3418 3664 —.

3182 3764 3263 3827 59
3488 3767 3537 3832 '.

764 3770 1199 3960 Gregorius
1243 3874 1278 3938 I
1330 3874 1554 3940 Bonae
1614 3873 2006 3939 abbatissae:
2076 3871 2391 3955 decernit,
2454 3878 2525 3935 ut
2588 3872 2655 3935 in
2721 3870 2913 3935 domo
2968 3766 3306 3936 Iohadnis9
3334 3764 3659 3956 gnsshssm

766 3978 978 4065 presb.
1026 3977 1091 4043 S.
1124 3979 1203 4043 R.
1235 3978 1313 4047 E.
1359 3980 1539 4044 iuxta
1568 3977 1854 4042 thermas
1883 3976 2319 4062 Agrippianas
2350 3974 2732 4039 feminarum
2773 3975 3189 4059 congregatio
3220 3974 3661 4053 constituatur,

773 4085 876 4148 cui
922 4084 1350 4167 proprietates
1394 4103 1434 4146 a
1477 4081 1766 4145 Iohanne
1821 4085 2130 4145 testatore
2186 4078 2441 4143 relictas
2499 4079 2804 4164 assignat.
2849 4116 2933 4123 —
2979 4076 3432 4142 Ecclesiastica
3475 4077 3660 4148 dam-

771 4208 944 4251 num.

980 4296 1110 4364 Rey.
1156 4295 1311 4364 Grey.
1339 4295 1379 4349 Ι
1408 4295 1494 4350 lib.
1524 4294 1625 4348 IX
1658 4308 1737 4362 ep.
1763 4298 1872 4348 137.
1910 4322 1973 4333 -
2014 4291 2163 4347 Εάἀ.
2188 4291 2242 4347 S.
2276 4291 2525 4363 Gregorii
2561 4292 2641 4346 M.
2678 4290 2928 4361 Olmcd.
2951 4291 3140 4347 Maur.
3167 4292 3242 4345 ΙΙ
3265 4291 3351 4347 Ζῶ.
3378 4291 3483 4346 ΙΙΙ
3507 4307 3563 4348 n.
3580 4297 3660 4346 37.

769 4381 964 4435 Mami
994 4381 1057 4435 X
1079 4387 1147 4436 30
1181 4398 1237 4436 n.
1261 4390 1330 4436 44
1356 4387 1406 4435 et
1437 4381 1500 4435 X
1524 4386 1621 4436 139
1652 4397 1708 4434 n.
1735 4388 1816 4435 49.
1889 4378 2083 4450 Miyne
2107 4379 2414 4434 LXXVI]
2432 4385 2529 4434 633
2561 4396 2616 4433 n.
2641 4386 2720 4434 37.
2793 4379 2947 4432 Mon.
2981 4380 3159 4434 Germ.
3186 4377 3328 4447 ΕΜ).
3357 4378 3430 4433 ΙΙ
3457 4383 3571 4432 136.
3595 4407 3663 4417 ——

774 4468 936 4538 Reyy.
963 4470 1023 4524 J.
1053 4474 1154 4522 877
1185 4467 1258 4521 ad
1290 4473 1385 4522 593
1418 4468 1545 4522 mai.
1570 4467 1685 4521 JE.
1724 4473 1848 4521 1425
1882 4465 1958 4519 aa
1991 4474 2092 4521 596
2124 4466 2225 4521 iul.

1525 4810 1847 4879 EcclesIa
1891 4827 1949 4877 s.
1994 4808 2393 4878 salvatoris
2439 4807 2525 4875 de
2571 4807 2908 4893 Cupelns.

1718 4931 1863 4997 (San
1899 4931 2194 4986 Salvatore
2229 4929 2377 4986 delle
2415 4928 2723 5000 Coppelle.)

981 5070 1333 5128 Panciroli
1376 5074 1392 5105 ¹
1414 5089 1469 5141 p.
1495 5071 1621 5134 743;
1662 5074 1759 5141 ²p.
1783 5070 1902 5126 423.
1931 5099 1999 5109 —
2025 5068 2413 5126 Martinelli
2439 5088 2493 5140 p.
2519 5068 2637 5124 298.
2667 5098 2730 5106 —
2756 5067 3104 5139 Ciampini
3140 5068 3221 5123 De
3257 5068 3310 5125 S.
3335 5068 3400 5125 R.
3428 5069 3488 5124 Ε.
3518 5068 3661 5125 vice-

774 5159 1117 5216 cancellario
1156 5178 1213 5230 p.
1241 5159 1340 5215 190
1358 5176 1439 5228 sq.
1476 5190 1542 5199 —
1579 5157 1787 5212 Bovio
1825 5158 1904 5213 La
1940 5155 2098 5227 pieta
2133 5157 2439 5212 trionfante
2474 5157 2674 5242 2176.
2718 5187 2782 5197 —
2832 5155 3133 5211 Fonseca
3166 5156 3249 5212 De
3283 5156 3402 5211 bas.
3438 5172 3481 5210 s.
3522 5155 3662 5210 Lau·

773 5247 942 5302 rentii
978 5247 1037 5301 in
1074 5245 1314 5301 Damaso
1351 5264 1405 5316 p.
1430 5245 1531 5301 397
1551 5264 1633 5314 sq.
1670 5274 1735 5284 -
1770 5243 1999 5314 Nibby
2038 5244 2289 5313 16938q.
2338 5273 2399 5284 —
2452 5243 2546 5311 (Μ.
2581 5242 3081 5311 Santelmazza)
3128 5242 3302 5299 Cenni
3349 5243 3570 5299 intorno
3604 5241 3665 5299 la
