4065 6049
966 354 992 413 1
1006 352 1086 415 86
2314 343 2506 400 Roma.

961 523 1044 586 *2
3443 522 3717 583 965—72

959 627 1343 692 Iohannes
1371 628 1538 692 xm
1568 628 1864 692 concedit
1906 630 2127 712 nepoti
2175 649 2289 692 suo
2322 627 2680 692 Benedicto
2730 628 2949 691 comiti
2996 628 3378 691 comitatum
3413 522 3797 692 (sabinensem.

1166 738 1343 794 ἱαιιά.
1379 739 1447 791 ab
1484 738 1718 807 Huyone
1750 739 1930 793 altimo
1957 738 2186 804 Fau-fen.
2224 740 2285 791 in
2323 738 2649 807 Eccc11tionc
2682 739 3004 792 relationum
3037 738 3218 804 (Mon.
3248 737 3440 793 Germ.
3465 739 3577 792 Ser.
3606 738 3687 792 XI
3707 748 3801 803 54ος

957 826 1189 881 Balaam
1226 826 1286 880 Il
1316 825 1494 909 down.
1538 824 1703 893 Fors.
1739 827 1802 879 in
1839 824 2009 880 Fonte
2036 841 2139 895 per
2172 826 2228 880 la
2261 825 2429 880 storia
2464 825 2519 879 d’
2558 825 2727 880 Italia
2767 824 3067 879 XXXIII
3094 830 3131 879 t.
3161 824 3333 894 162).
3378 854 3444 864 -
3486 825 3610 895 Bey.
3633 824 3799 880 JL.-.

1708 1103 1983 1173 Nobilis
2030 1103 2322 1187 qum-m
2368 1103 2731 1172 Romanus
2778 1104 3092 1188 ignotus.

1179 1263 1572 1348 „Antiquam
1620 1263 2028 1348 privilegium
2089 1285 2128 1328 a
2174 1263 2451 1347 quodam
2499 1263 2739 1328 factum
2784 1286 2958 1349 papa
3004 1263 3258 1329 cuidam
3304 1260 3516 1326 nobili
3562 1259 3804 1324 Romano

956 1368 1037 1433 de
1096 1375 1274 1432 curte
1327 1365 1532 1451 Salia,
1588 1367 1759 1452 quod
1818 1367 1931 1431 dat
1986 1367 2448 1432 Buccinianum
2510 1367 2739 1434 affines
2794 1373 2861 1433 et
2912 1368 3080 1432 latus
3141 1365 3224 1431 ad
3287 1367 3510 1451 ipsam
3569 1362 3802 1427 curtem“

954 1472 1220 1537 laudant
1284 1472 1480 1557 Ilugo
1548 1472 1748 1538 abbas
1815 1473 2074 1538 Farfen.
2133 1474 2195 1537 in
2254 1472 2655 1558 Exceptione
2712 1474 3099 1538 relationum
3167 1470 3377 1556 (Mon.
3441 1468 3656 1534 Germ.
3705 1467 3804 1531 Ser.

954 1575 1053 1639 XI
1100 1580 1257 1651 541;
1326 1576 1591 1641 Balzani
1635 1577 1691 1641 Il
1745 1578 1963 1641 chron.
2022 1576 2198 1641 Farf.
2253 1578 2317 1641 in
2372 1576 2562 1642 Fonti
2633 1599 2752 1663 per
2816 1578 2882 1641 la
2938 1577 3136 1641 storia
3190 1576 3252 1640 (Γ
3308 1575 3511 1639 Italia
3554 1568 3807 1636 XXXIII

955 1685 997 1743 t.
1047 1679 1078 1743 Ι
1125 1680 1237 1763 66)
1306 1686 1372 1746 et
1442 1682 1796 1766 Gregorius
1864 1681 1944 1746 de
2006 1681 2237 1746 Catino
2306 1683 2369 1745 in
2430 1681 2666 1747 Chron.
2736 1680 2993 1745 Farfen.
3067 1680 3362 1765 (Balzani
3413 1680 3458 1742 l.
3493 1698 3547 1742 c.
3602 1676 3663 1739 Π
3702 1674 3801 1756 82).

953 1784 1291 1849 Nescimus
1337 1794 1404 1850 et
1448 1807 1680 1850 nomen
1728 1786 2045 1870 pontificis
2103 1792 2169 1851 et
2214 1787 2412 1871 ipsius
2454 1785 2686 1850 nobilis
2729 1786 3039 1868 Romani,
3086 1786 3185 1849 cui
3232 1783 3645 1869 privilegium
3685 1800 3800 1842 con·

954 1911 1204 1953 cessum
1248 1895 1376 1973 est,
1424 1888 1507 1953 ab
1553 1888 1832 1974 Hugone
1879 1888 2116 1955 abbate
2162 1889 2456 1955 Farfensi
2503 1911 2671 1955 saec.
2704 1889 2804 1954 XI
2849 1891 2966 1971 in.,
3022 1896 3094 1954 ut
3137 1888 3258 1970 ait,
3306 1887 3706 1972 acquisitum.
3742 1918 3803 1927 —

1161 2008 1286 2078 Reo-
1324 2007 1432 2064 Jz..
1470 2041 1536 2050 -

1936 2231 2252 2300 Comites
2299 2232 2385 2298 de
2429 2229 2853 2300 Tusculano.

2233 2354 2557 2421 (Colonna.)

1164 2494 1264 2559 De
1323 2493 1845 2559 Columnensium
1904 2517 2161 2581 quoque
2221 2497 2607 2582 genealogia
2671 2518 2945 2580 magnae
3010 2501 3111 2560 est
3174 2492 3671 2559 concertationis
3724 2508 3799 2551 res

950 2597 1118 2661 inter
1162 2601 1331 2663 viros
1376 2600 1681 2681 cruditos,
1729 2622 1921 2685 quam
1969 2603 2333 2667 accuratius
2378 2601 2875 2666 examinandam
2921 2601 3067 2665 aliis
3110 2600 3576 2664 committimus
3618 2593 3712 2678 (cf.
3738 2591 3795 2653 A.

951 2700 1160 2785 Coppi
1206 2703 1519 2770 Memoris
1564 2706 1907 2770 Colonnesi
1963 2708 2133 2770 ossia
2178 2708 2378 2771 storia
2426 2705 2600 2771 della
2647 2706 2937 2789 famiglia
2981 2704 3274 2770 Colonna
3317 2701 3567 2788 (Roma
3616 2694 3794 2777 1855);

951 2803 1029 2868 G.
1065 2806 1451 2872 Tomassetti
1485 2811 1546 2873 in
1576 2810 1770 2874 Arch.
1804 2809 1975 2874 della
2008 2809 2151 2875 Soc.
2185 2811 2372 2875 Rom.
2407 2811 2505 2875 IX
2536 2810 2766 2896 (1886)
2800 2814 2879 2875 78
2906 2832 3001 2895 sq.
3034 2816 3101 2875 et
3130 2808 3207 2873 G.
3232 2808 3486 2894 Digard
3518 2808 3613 2871 La
3639 2803 3712 2866 fin
3736 2798 3796 2860 de

949 2907 1014 2971 la
1059 2912 1420 2995 seigneurie
1454 2912 1534 2977 de
1566 2913 1910 2978 Tusculum
1944 2917 2006 2978 in
2040 2915 2376 2999 Melanges
2406 2917 2568 2980 Paul
2608 2914 2820 2981 Fabre
2853 2915 3069 3000 (Paris
3109 2913 3298 2998 1902)
3330 2936 3393 2999 p.
3429 2915 3555 2976 293
3575 2907 3704 2993 sq.).
3737 2937 3790 2947 -

949 3013 1132 3080 Conf.
1169 3018 1365 3082 etiam
1397 3016 1800 3102 documenta,
1834 3042 1999 3105 quae
2031 3019 2426 3086 adducemus
2458 3020 2573 3085 sub
2610 3019 3118 3106 „Tusculanum“
3154 3026 3221 3084 et
3251 3016 3482 3102 „Poli“
3511 3005 3795 3097 (Latium).

1163 3192 1511 3257 Archivum
1560 3193 1843 3260 familiae
1883 3195 2175 3261 Colonna
2221 3196 2431 3261 adhuc
2477 3202 2711 3274 exstat,
2761 3218 2997 3281 magna
3041 3216 3187 3260 cum
3232 3193 3575 3278 diligentia
3616 3186 3791 3252 adser-

948 3299 1199 3376 vatum,
1262 3295 1511 3361 Romae
1556 3297 1620 3361 in
1667 3298 1937 3363 aedibus
1982 3300 2509 3365 Columnensium
2554 3322 2756 3385 prope
2814 3299 3146 3364 basilicam
3190 3297 3328 3363 XII
3373 3291 3789 3382 Apostolorum

949 3395 1058 3480 (cf.
1116 3398 1292 3463 Gott.
1348 3400 1583 3465 Nachr.
1650 3406 1805 3466 1901
1879 3424 1941 3486 p.
1977 3407 2137 3478 2453
2207 3404 2396 3467 Rom.
2445 3402 2942 3477 Quartalschrift
2995 3401 3125 3465 XV
3169 3399 3398 3484 (1901)
3456 3402 3606 3470 175;
3666 3385 3791 3456 XVI

950 3501 1175 3587 (1902)
1225 3506 1398 3588 421).
1503 3505 1908 3592 Quamquam
1964 3508 2086 3571 hoc
2143 3508 2526 3572 tabularium
2588 3508 2913 3592 ingentem
2970 3506 3335 3571 chartarum
3391 3503 3625 3568 molem
3674 3514 3789 3560 con-

950 3607 1137 3689 tinet,
1201 3605 1750 3693 documentorum,
1799 3633 1965 3697 quae
2014 3619 2397 3696 sequuntur,
2456 3612 2862 3697 autographa
2916 3610 3006 3674 ibi
3050 3632 3178 3674 non
3234 3609 3663 3685 inveniuntur,
3702 3595 3787 3661 Sed

948 3711 1153 3774 solum
1219 3733 1441 3776 eorum
1504 3719 1719 3778 textus
1785 3714 1868 3778 ad
1936 3738 2052 3779 nos
2118 3724 2548 3801 pervenerunt
2604 3737 2756 3781 cura
2813 3714 3034 3780 Cencii
3104 3714 3445 3779 camerarii
3512 3713 3572 3775 in
3633 3705 3787 3772 Libro

948 3835 1251 3879 censuum
1286 3814 1348 3880 S.
1382 3816 1460 3880 R.
1495 3817 1568 3881 E.
1604 3819 1876 3884 collecti.
1951 3820 2100 3883 Duo
2132 3841 2285 3884 vero
2315 3820 2718 3905 autographa
2761 3820 3182 3884 adservantur
3224 3819 3290 3881 in
3333 3817 3594 3882 archivo
3636 3807 3785 3875 castri

948 3940 995 3982 s.
1028 3917 1288 4002 Angeli.

1153 4074 1205 4126 A
1243 4097 1307 4119 =
1346 4074 1523 4129 Roma
1562 4076 1724 4130 Arch.
1746 4077 1873 4132 vat.
1912 4077 2062 4133 Arm.
2091 4077 2221 4132 x111
2261 4097 2306 4133 c.
2334 4078 2409 4133 IV
2445 4097 2497 4133 n.
2524 4078 2572 4132 6.

1153 4160 1311 4214 A¹=
1346 4160 1422 4216 ib.
1459 4161 1606 4218 Arm.
1636 4162 1768 4218 XIII
1803 4182 1850 4219 c.
1877 4164 1952 4218 VI
1988 4184 2039 4219 n.
2066 4166 2114 4220 5.

946 4268 986 4327 1
3334 4272 3507 4336 1015
3549 4270 3662 4335 dec.
3686 4267 3719 4327 4

947 4370 1021 4433 In
1068 4371 1478 4438 Benedicti
1517 4374 1684 4440 VIII
1750 4379 2118 4460 praesentia
2185 4385 2251 4442 et
2317 4378 2452 4441 eius
2520 4378 2694 4441 iussu
2757 4377 3089 4443 Romanus
3159 4377 3378 4442 consul
3449 4385 3518 4442 et
3572 4374 3683 4438 dux
3734 4371 3783 4428 et

949 4478 1229 4541 omnium
1284 4478 1721 4543 Romanorum
1779 4487 2037 4545 senator
2099 4481 2337 4546 refutat
2393 4481 2657 4567 Ilugoni
2711 4480 2930 4546 abbati
2984 4481 3281 4547 Farfensi
3335 4500 3588 4546 omnem
3640 4475 3780 4539 litem

948 4581 1031 4645 de
1077 4580 1325 4646 duobus
1371 4584 1652 4648 castellis
1697 4607 1759 4670 q.
1806 4607 1864 4650 v.
1913 4585 2224 4651 Serranus
2270 4593 2337 4650 et
2381 4587 2753 4651 Pontianus.

1257 4711 1304 4748 v.
1333 4692 1574 4761 Latium,
1615 4695 1796 4751 Farfa.
1835 4728 1900 4738 -
1942 4698 2241 4761 RomanuS,
2280 4695 2572 4751 Benedicti
2601 4696 2735 4749 Vlll
2773 4697 2962 4761 frater,
2999 4699 3197 4766 postea
3233 4695 3511 4750 Iohannes
3543 4689 3673 4748 xlx.

946 4816 1028 4878 *2
3516 4810 3711 4900 (1116)

947 4919 1349 4984 Paschalis
1395 4920 1461 4984 ΙΙ
1507 4920 1802 4986 concedit
1846 4922 2229 4987 Ptolomaeo
2262 4915 2495 4986 'comiti
2539 4922 2891 4991 Arichiam.

1154 5031 1335 5086 Laud.
1375 5033 1434 5084 in
1472 5032 1594 5086 Vita
1630 5034 1909 5086 Paschalis
1946 5034 2020 5086 II
2046 5034 2187 5099 (Lib.
2219 5035 2423 5102 pontif.
2462 5033 2544 5088 ed.
2583 5033 2864 5087 Duchaevae
2904 5033 2979 5087 II
3007 5036 3145 5101 303).
3184 5064 3251 5074 —
3288 5032 3413 5102 Ray.
3449 5033 3558 5088 JL.
3591 5058 3659 5082 -·

1325 5130 1393 5183 cs.
1420 5128 1661 5195 Latium,
1698 5129 1902 5185 Aricia.
