4065 6049
788 458 868 519 74
2142 454 2337 512 Roma.

785 650 836 695 s.
881 628 1120 713 Angeli
1165 626 1375 713 (Arm.
1407 627 1513 692 ΙΙΙ
1557 649 1612 693 c.
1646 627 1747 693 111
1792 652 1852 694 n.
1886 633 1999 707 22;
2048 629 2149 695 ed.
2198 630 2383 696 Studi
2427 652 2464 697 e
2511 630 2651 696 doc.
2684 632 2816 696 VII
2860 629 3091 718 (1886)
3128 616 3249 698 '109
3295 654 3355 696 n.
3390 630 3479 717 3).
3568 631 3677 696 In-

785 734 1144 798 ventarium
1189 731 1468 818 denique
1514 735 1887 799 monasterii
1931 756 1980 798 s.
2026 734 2321 800 Marcelli
2366 735 2448 801 de
2495 735 2671 802 Urbe
2717 757 2777 800 a.
2832 741 3015 821 1406,
3062 736 3170 802 ubi
3215 737 3413 802 etiam
3460 736 3679 801 tabula

786 843 888 902 est
952 835 1290 920 librorum,
1358 837 1467 921 qui
1525 837 1679 901 olim
1749 838 1814 902 in
1881 837 2276 904 bibliotheca
2342 840 2657 906 ecclesiae
2715 862 2763 905 s.
2811 840 3105 906 Marcelli
3150 839 3677 923 adservabantur,

786 941 889 1008 ed.
935 941 1012 1006 P.
1044 941 1132 1006 Μ.
1166 939 1421 1007 Soulier
1464 942 1531 1005 in
1573 940 1747 1007 Mon.
1794 942 1930 1008 ord.
1978 942 2157 1010 Sei-V.
2203 943 2303 1011 IV
2349 944 2718 1031 (Bruxelles
2774 945 3091 1031 1900-1)
3146 948 3265 1010 192
3290 967 3385 1031 sq.

996 1112 1051 1168 Α.
1103 1134 1170 1161 =
1205 1111 1360 1184 Orig.

994 1198 1051 1255 B
1102 1222 1168 1246 =
1206 1200 1342 1272 Cop.
1379 1219 1431 1258 a.
1470 1202 1605 1259 1252
1642 1200 1761 1259 dec.
1789 1202 1870 1259 13.

784 1358 864 1423 *1
3261 1362 3563 1423 308-09

786 1463 1207 1530 Marcellus
1253 1513 1267 1528 .
1301 1511 1318 1527 .
1365 1464 1628 1529 domum
1674 1465 1960 1530 Lucinae
2006 1465 2266 1531 dedicat
2309 1467 2566 1532 nomine
2612 1465 2673 1530 b.
2719 1465 3011 1532 Marcelli
3056 1363 3331 1530 titulu(m.
3555 1362 3593 1444 )

786 1658 893 1715 JK
992 1573 1174 1630 Laud.
1208 1574 1271 1629 in
1307 1573 1435 1629 Vita
1487 1574 1738 1630 Marcelli
1788 1575 1930 1643 (Lib.
1961 1576 2160 1646 pontif.
2198 1575 2276 1633 od.
2313 1577 2596 1633 Dncclmnz
2630 1577 2666 1631 1
2695 1584 2825 1641 1645
2874 1576 3173 1632 Mammea
3200 1594 3260 1646 Ρ.
3285 1580 3396 1646 44).
3453 1606 3519 1618 --
3552 1576 3680 1647 Ray.

890 1699 904 1715 ⁶
1012 1703 1025 1717 ⁸
1165 1748 1233 1808 cf.
1273 1746 1464 1805 Passio
1500 1748 1754 1805 Marcelli
1792 1749 1961 1817 (Acta
1996 1748 2088 1805 SS.
2125 1749 2178 1805 11
2216 1747 2327 1805 ian.
2365 1767 2419 1822 p.
2446 1749 2587 1819 873).
2848 1810 2851 1811 ⁷
3205 1816 3208 1819 Δ

784 1867 867 1933 *2
3230 1873 3593 1956 (847-50)

785 1973 947 2038 Leo
992 1973 1090 2038 IV
1133 1994 1252 2059 per
1295 1975 1525 2039 missos
1569 1981 1637 2040 et
1680 1975 1928 2041 litteras
1972 1982 2163 2041 vocat
2191 1975 2608 2041 Anastasium
2651 1975 2877 2061 presb.
2913 1976 3109 2061 card.,
3156 1999 3349 2062 quem
3396 1979 3462 2042 in
3495 1978 3678 2043 titulo
3802 1983 3813 1989 “

786 2076 847 2142 b.
902 2078 1195 2143 Marcelli
1256 2077 1606 2163 ordinavit,
1672 2079 2087 2145 secedentem
2154 2079 2240 2144 ad
2307 2079 2552 2145 alienas
2618 2080 2960 2166 parochias
3027 2079 3272 2167 absque
3329 2081 3682 2168 pontificali

785 2182 1073 2265 scientia,
1118 2186 1190 2245 ut
1233 2180 1318 2246 ad
1363 2181 1735 2267 parochiam
1780 2204 1962 2248 suam
2009 2183 2257 2249 redeat.

993 2291 1173 2347 Laud.
1210 2291 1274 2347 in
1306 2308 1348 2346 n
1382 2299 1431 2349 3.
1468 2324 1534 2333 -
1573 2293 1702 2364 περ.
1728 2292 1838 2350 JE.
1876 2324 1960 2351 —.

786 2418 830 2477 3
2922 2416 3133 2483 Roma
3174 2416 3305 2481 850
3348 2417 3476 2483 dec.
3511 2421 3603 2482 16.

785 2521 945 2585 Leo
991 2521 1088 2586 IV
1152 2522 1219 2586 in
1284 2522 1555 2588 concilio
1618 2521 2037 2591 Anastasium
2102 2522 2317 2608 presb.
2365 2522 2539 2589 card.
2602 2523 2731 2588 iam
2787 2543 2906 2607 per
2960 2521 3288 2588 biennium
3345 2523 3412 2587 in
3457 2522 3685 2588 alienis

785 2624 1109 2708 parochiis
1161 2625 1476 2692 latitando
1534 2633 1893 2693 morantem
1956 2633 2025 2692 et
2092 2627 2176 2693 ad
2247 2627 2375 2692 duo
2434 2628 2707 2692 concilia
2773 2626 3009 2692 frustra
3075 2631 3406 2711 vocatum,
3473 2627 3686 2711 privat

786 2730 1254 2814 communione,
1303 2730 1509 2796 donec
1552 2730 1798 2797 redeat.
1844 2770 1928 2779 —
1972 2730 2355 2795 Anastasius
2398 2728 2612 2815 presb.
2659 2728 2832 2794 card.

993 2838 1291 2895 Hincmari
1314 2841 1527 2896 Remea.
1552 2842 1705 2896 Anu.
1739 2840 1816 2895 ad
1847 2859 1899 2896 a.
1928 2847 2030 2896 868
2063 2840 2204 2908 (edd.
2244 2840 2311 2897 G.
2339 2840 2413 2894 H.
2443 2840 2599 2895 Pcrtz
2632 2840 2790 2896 Mon.
2830 2838 3008 2895 Germ.
3039 2839 3149 2896 Sor.
3189 2840 3228 2894 Ι
3254 2848 3382 2909 477,-
3412 2840 3479 2895 G.
3512 2840 3688 2894 Waitz

787 2926 939 2981 Anu.
975 2927 1299 2981 Bertiniani
1342 2928 1406 2983 in
1457 2927 1571 2984 Sor.
1608 2944 1711 2984 rer.
1757 2927 1933 2983 Germ.
1961 2945 2021 2997 Ρ.
2059 2935 2149 2990 92,-
2193 2928 2341 2982 Bau.
2381 2927 2539 2983 Rom.
2583 2926 2666 2982 cd.
2705 2926 3046 2995 Gocqudim
3082 2926 3124 2980 I
3149 2932 3245 2982 183
3277 2943 3334 2981 n.
3363 2932 3396 2981 2
3434 2949 3497 2971 =
3537 2926 3680 2981 Bau.

785 3012 1053 3172 Quale}
1077 3014 1266 3158 ἔξω.
1292 3015 1334 3070 I
1362 3021 1467 3073 292
1498 3034 1555 3071 n.
1580 3022 1640 3078 2,·
1686 3015 1876 3071 Mami
1913 3014 2073 3071 XIV
2096 3017 2263 3085 (943).
2299 3021 2442 3071 1026.
2514 3014 2701 3085 Miqnc
2738 3013 2848 3070 CX
2859 3013 2904 3069 V
2933 3016 3064 3083 665).
3103 3043 3169 3055 —-
3206 3012 3364 3084 Bw.
3401 3011 3465 3069 J.
3482 3031 3540 3083 Ρ.
3568 3020 3678 3070 231.

1166 3198 1321 3253 Haec
1373 3196 1645 3268 epistola,
1697 3200 1841 3255 toste
1893 3197 2219 3267 Hincmam,
2265 3198 2325 3253 in
2379 3197 2630 3269 imagine
2686 3194 2743 3251 in
2788 3196 2987 3252 dextra
3031 3197 3192 3267 parte
3236 3194 3297 3265 (i.
3326 3212 3373 3250 e.
3411 3192 3685 3249 basilicae

993 3284 1048 3340 b.
1084 3283 1261 3355 Petri)
1299 3283 1514 3356 scripta
1548 3285 1675 3342 fuit.

787 3407 869 3470 *4
1883 3368 1890 3375 ’
2446 3405 2761 3471 Ravenna
2804 3405 2876 3472 s,
2924 3403 3127 3471 Vitaze
3155 3405 3286 3470 853
3329 3405 3480 3470 mai.
3511 3404 3597 3467 29

785 3515 923 3580 Leo
969 3514 1068 3579 IV
1110 3513 1524 3578 Anastasium
1570 3514 1782 3600 presb.
1830 3512 2004 3579 card.
2055 3514 2286 3578 iterum
2333 3510 2855 3577 anathematizat.

993 3624 1174 3681 Laud.
1206 3624 1268 3679 in
1301 3642 1356 3678 n.
1381 3633 1427 3680 5.
1467 3655 1532 3665 —
1570 3624 1727 3695 Roqy.
1753 3625 1814 3680 J.
1851 3643 1903 3694 Ρ.
1926 3631 2038 3680 233.
2109 3623 2221 3680 JE.
2260 3623 2303 3678 I
2322 3640 2378 3692 Ρ.
2405 3628 2518 3678 335.

790 3798 830 3861 5
2556 3796 2765 3863 Roma
2809 3795 2872 3862 S,
2906 3794 3125 3862 Pistre
3168 3799 3298 3861 853
3343 3794 3480 3861 iun.
3514 3798 3600 3858 19

786 3904 945 3969 Leo
991 3904 1088 3969 IV
1133 3902 1226 3989 (in
1259 3902 1558 3989 concilio)
1591 3904 1886 3970 omnibus
1916 3902 2256 3989 episcopis,
2302 3901 2715 3987 presbyteris,
2762 3899 3157 3985 diaconibus,
3190 3899 3690 3966 subdiaconibus

790 4015 859 4074 et
920 4010 1231 4085 universis
1276 4009 1525 4073 clericis
1584 4014 1941 4094 cunctoque
1999 4007 2241 4092 populo
2296 4005 2673 4071 christiano:
2736 4006 3154 4070 Anastasium
3218 4003 3436 4089 presb.
3491 4003 3687 4088 card.,

789 4115 899 4199 qui
944 4119 1167 4178 contra
1211 4119 1453 4179 statuta
1495 4119 1751 4199 patrum
1797 4113 2194 4197 provinciam
2238 4110 2710 4195 ecclesiamque
2767 4110 3102 4193 deserens,
3163 4110 3292 4173 iam
3337 4129 3459 4193 per
3502 4109 3688 4194 quin-

791 4219 1052 4304 quennii
1098 4222 1352 4303 tempus
1396 4219 1461 4282 in
1506 4217 1752 4283 alienas
1793 4216 2138 4301 parochias
2182 4214 2381 4280 veluti
2427 4215 2565 4278 ovis
2610 4235 2831 4279 errans
2876 4212 3203 4297 discurrit,
3249 4212 3484 4278 iterum
3530 4232 3688 4277 ana-

790 4322 1183 4388 thematizat.
1230 4357 1316 4368 —
1362 4321 1551 4397 Quod
1596 4320 1762 4387 bene
1807 4341 1885 4385 ac
1927 4320 2224 4406 pleniter.

999 4431 1287 4487 Hincnmvi
1318 4433 1532 4488 Remea.
1559 4433 1710 4486 Arm.
1747 4431 1824 4485 ad
1857 4449 1908 4487 a.
1933 4436 2039 4487 868
2074 4429 2216 4499 (edd.
2242 4430 2398 4484 Perta
2431 4430 2465 4485 1.
2489 4445 2535 4485 c.
2556 4446 2612 4498 Ρ.
2638 4434 2767 4496 478,-
2803 4427 2980 4482 Waitz
3013 4428 3048 4482 1.
3075 4444 3120 4482 c.
3138 4443 3195 4495 Ρ.
3220 4433 3312 4494 93,·
3345 4426 3497 4483 Bau.
3533 4427 3691 4482 Rom.

790 4519 871 4575 ed.
912 4520 1241 4588 Oocquelinoe
1291 4520 1333 4573 Ι
1359 4524 1455 4575 183
1495 4536 1550 4572 n.
1583 4525 1615 4572 2
1650 4541 1715 4564 =
1760 4518 1905 4574 Ball.
1943 4517 2099 4573 Rom.
2137 4516 2216 4572 cd.
2267 4516 2429 4570 Taur.
2469 4516 2501 4570 1
2532 4522 2630 4572 292
2662 4533 2720 4570 n.
2754 4522 2812 4579 2,·
2872 4514 3063 4568 Mami
3101 4513 3250 4568 XIV
3290 4520 3447 4579 10273
3504 4513 3693 4584 Μέρη

792 4607 900 4661 ΟΧ
914 4608 962 4661 V
991 4610 1134 4675 665).
1208 4605 1534 4675 [Deusdedit
1580 4605 1667 4659 lib.
1705 4604 1775 4658 11
1803 4621 1848 4660 c.
1881 4611 1950 4659 60
1984 4608 2096 4673 (46)
2130 4601 2246 4659 edd.
2284 4602 2620 4657 Martiana-i
2646 4618 2707 4672 Ρ.
2742 4608 2867 4670 192,·
2916 4600 3075 4666 Wolf
3099 4617 3146 4656 υ.
3189 4599 3439 4656 Glanvcll
3463 4616 3520 4669 Ρ.
3547 4601 3691 4671 214]

791 4726 856 4735 -
896 4695 1057 4765 Reqy.
1094 4693 1150 4748 J.
1190 4701 1330 4748 1986.
1367 4692 1478 4748 JE.
1516 4698 1661 4747 2635.

1170 4789 1324 4844 Haec
1359 4805 1582 4858 quoque
1619 4785 1863 4857 epistola
1898 4785 1956 4841 in
1992 4784 2240 4858 imagine
2277 4784 2338 4840 in
2373 4784 2602 4848 sinistra
2636 4788 2800 4856 parte
2838 4781 3134 4854 (basilicae
3170 4782 3223 4839 b.
3259 4781 3437 4851 Petri)
3476 4780 3693 4852 scripta

997 4875 1124 4944 fuit,
1163 4879 1227 4931 ut
1262 4874 1440 4931 tradit
1475 4873 1823 4929 Bincmarus.

793 5005 834 5064 6
2698 4994 2906 5061 Roma
2950 4993 3111 5078 (853
3154 4994 3290 5059 iun.
3321 5031 3398 5041 -—
3424 4994 3604 5076 any.)

792 5106 955 5170 Leo
1002 5103 1098 5169 IV
1142 5105 1489 5169 Anastasio
1538 5102 2121 5168 excommunicato:
2169 5101 2515 5185 praecipit,
2562 5106 2634 5164 ut
2678 5099 2764 5165 ad
2810 5099 3182 5182 concilium,
3232 5097 3408 5183 quod
3461 5102 3534 5162 15
3581 5095 3688 5161 die

793 5231 938 5275 noV.
1002 5214 1420 5295 exspectatae
1488 5208 1746 5273 futurae
1814 5205 2139 5272 secundae
2205 5205 2393 5270 huius
2444 5204 2808 5272 indictionis
2859 5205 3048 5288 (653)
3102 5199 3562 5282 celebrabitur,
3621 5221 3694 5265 se
