4065 6049
1268 440 1521 498 Ecclesia
1554 461 1597 497 s.
1624 440 1889 497 Iohannis
1925 440 1982 496 in
2020 441 2312 498 Laterano.
3150 448 3232 509 25

347 619 660 685 Romanis
705 625 773 684 et
816 618 1499 685 circumadiaoentibus
1542 617 1645 684 Ml
1694 639 2037 698 annorum,
2085 618 2356 683 Thuscis
2411 626 2479 683 et
2522 618 2906 683 Lombardis
2968 617 3236 684 duorum

348 724 618 790 millium
659 744 988 805 annorum,
1035 722 1151 789 sed
1196 730 1264 789 et
1306 724 1427 808 his,
1474 724 1582 808 qui
1627 723 1834 789 maria
1878 729 2274 789 transmeare
2321 731 2683 805 noscuntur,
2731 724 2919 787 trium
2967 724 3236 788 millium

347 850 677 894 annorum.
1654 870 1663 879 ·

552 938 738 996 Laeca.
774 958 812 994 a
847 939 1087 995 Ioloannc
1122 938 1265 994 diac.
1299 938 1361 992 in
1388 939 1607 1009 proloqu
1642 938 1733 1005 (cs.
1774 938 2023 1008 Raspom'
2048 956 2108 1007 1).
2130 939 2274 1005 204).
2310 966 2377 978 -
2415 938 2543 1008 Ray.
2581 938 2703 994 JK.
2741 968 2823 992 —.

725 1034 1055 1107 Spurium.
1094 1064 1158 1074 --
1198 1033 1316 1089 Hac
1340 1032 1694 1104 indulgentia
1718 1033 1974 1089 canonici
2000 1033 2401 1090 Lateranenses
2425 1031 2600 1090 etiam
2626 1036 2762 1090 tunc
2784 1052 2837 1089 a.
2866 1034 2999 1090 1806
3034 1034 3239 1104 gloria-

555 1121 786 1187 bantur,
834 1140 959 1180 eam
994 1119 1265 1179 ecclesiae
1300 1140 1341 1175 s.
1376 1119 1589 1177 Mariae
1625 1121 1882 1178 Salomae
1905 1120 2223 1177 Verulanae
2258 1119 2556 1192 privilegio
2591 1137 2692 1176 suo
2729 1120 3095 1177 concedentes
3130 1121 3239 1189 (ed.

558 1206 716 1265 Vinc.
752 1207 1010 1280 Caperna
1043 1208 1389 1280 Monografia
1422 1207 1481 1263 di
1517 1207 1572 1264 8.
1596 1207 1818 1265 Salome
1852 1207 2179 1278 (Frusinone
2219 1207 2371 1277 1878)
2410 1225 2465 1277 p.
2494 1208 2630 1276 121).

346 1331 472 1409 5³²2
2747 1328 3153 1412 (590-604)

347 1432 769 1518 Gregorius
813 1432 847 1496 I
889 1435 1039 1516 (aut
1089 1432 1434 1517 Greyorius
1477 1432 1578 1511 II,
1621 1437 1697 1497 ut
1746 1432 1949 1498 credit
1993 1431 2316 1515 Rafflom‘)
2370 1433 2700 1499 basilicam
2761 1432 2843 1498 ab
2897 1434 3240 1501 haereticis

347 1537 650 1603 violatam
712 1544 780 1603 et
821 1535 1150 1603 foedatam
1196 1536 1406 1603 denuo
1465 1543 1798 1603 consecrat
1850 1545 1918 1603 et
1972 1537 2404 1625 indulgentias
2457 1539 2517 1604 ei
2572 1560 2612 1603 a
2666 1536 2973 1604 Silvestro
3031 1545 3125 1620 (n.
3171 1540 3240 1614 1)

352 1663 689 1708 concessas
734 1642 1086 1708 confirmat.

559 1752 741 1807 Laud.
778 1770 817 1807 a
853 1752 1117 1821 Rapo-w
1145 1769 1204 1821 p.
1236 1758 1334 1807 206
1369 1752 1461 1817 (ex
1496 1751 1791 1806 saumario
1828 1750 2335 1821 indulyentiarum).
2377 1784 2436 1791 —-
2478 1752 2603 1823 qu.
2639 1752 2750 1809 JE.
2790 1786 2873 1808 —.

725 1844 1053 1917 Spurium.

344 1944 426 2006 *3
2788 1944 3152 2024 (619-25)

347 2048 786 2113 Bonifatius
831 2048 893 2113 V
937 2047 1282 2128 constituit,
1328 2054 1400 2111 ut
1443 2047 1508 2111 in
1550 2046 1889 2112 Lateranis
1922 2045 2236 2111 acholitus
2283 2068 2407 2111 non
2439 2045 2724 2132 baptizet
2768 2070 2912 2114 cum
2946 2049 3237 2133 diacono,

349 2150 463 2217 sed
508 2150 883 2217 subdiaconi
930 2157 1294 2237 sequentes.

561 2260 748 2317 Laud.
785 2261 850 2316 in
893 2260 1021 2316 Vita
1064 2259 1345 2327 Bonifatii
1390 2257 1440 2314 V
1483 2259 1626 2328 (Lib.
1656 2260 1861 2329 pontif.
1898 2260 1977 2315 cd.
2014 2260 2305 2316 Duchesne
2343 2262 2384 2316 I
2408 2269 2531 2326 321,-
2579 2265 2883 2319 Mommsen
2911 2283 2968 2333 p.
3004 2264 3135 2334 168).
3175 2294 3239 2304 —

351 2347 639 2418 1oe9.J12
678 2377 761 2403 -η

346 2488 424 2551 *4
2964 2492 3156 2571 (769)

346 2591 785 2679 Stephanus
830 2591 933 2656 III
978 2592 1221 2676 statuit,
1268 2599 1338 2657 ut
1383 2591 1554 2656 omni
1586 2589 1905 2656 dominico
1939 2590 2045 2656 die
2091 2613 2131 2655 a
2175 2599 2426 2675 septem
2459 2595 2781 2681 episcopis
2812 2592 3240 2660 cardinalibus

345 2695 889 2779 hebdomadariis,
936 2698 1047 2783 qui
1091 2697 1157 2761 in
1188 2695 1463 2762 ecclesia
1493 2694 1845 2761 Salvatoris
1875 2694 2238 2780 observant,
2285 2697 2622 2763 missarum
2669 2698 3007 2765 sollemnia
3050 2718 3243 2782 super

347 2801 552 2867 altare
601 2800 663 2866 b.
696 2801 874 2866 Petri
922 2800 1327 2867 celebrentur
1370 2806 1438 2865 et
1482 2798 1728 2865 ‘Gloria
1771 2800 1837 2864 in
1881 2800 2157 2865 excelsis
2201 2798 2367 2866 Deo’
2415 2800 2722 2868 edicatur.

726 2931 778 2968 v.
814 2910 1140 2969 cardinales
1174 2930 1230 2967 n.
1255 2913 1304 2967 5.

347 3037 422 3100 *5
2674 3035 2987 3102 Ravenna
3027 3038 3158 3100 898

347 3142 734 3207 Iohannes
778 3142 905 3226 lx,
961 3141 1301 3208 ecclesiam
1349 3140 1701 3206 Salvator-is
1748 3164 1809 3226 q.
1842 3162 1900 3204 v.
1933 3141 2461 3207 Constantiniana
2516 3140 2908 3208 destructam
2953 3162 3241 3223 cernens,

350 3252 581 3313 evocat
624 3268 742 3333 pro
788 3245 965 3312 illius
1008 3246 1475 3312 restauratione
1521 3244 1605 3310 ad
1652 3244 1868 3311 trabes
1909 3244 2303 3311 incidendas.

552 3357 740 3413 Laud.
776 3358 841 3411 in
884 3357 1021 3414 actis
1054 3355 1249 3428 synodi
1283 3354 1626 3412 Ravennatis
1669 3353 1816 3423 (cdd.
1855 3355 2047 3410 Mansi
2086 3353 2312 3410 XVIII
2329 3361 2441 3410 229.
2514 3354 2671 3410 Mon.
2708 3353 2883 3411 Germ
2922 3353 3050 3426 Leq.
3085 3354 3246 3411 1562

353 3451 403 3501 d
441 3444 675 3515 capitul.
701 3445 928 3515 11123).
967 3475 1032 3486 —
1073 3444 1235 3514 Bm.
1271 3443 1334 3500 J.
1364 3461 1426 3514 p.
1454 3449 1571 3500 306.
1606 3442 1714 3498 JL.
1753 3442 1872 3512 110.
1898 3449 2012 3498 442.

351 3590 393 3649 ⁶
2989 3585 3158 3646 1050

348 3692 511 3756 Leo
559 3688 661 3756 IX
715 3688 1012 3757 concedit
1055 3689 1268 3756 fontes
1313 3711 1458 3755 oum
1512 3695 1791 3775 quatuor
1834 3689 2159 3772 oratoriis,
2213 3711 2262 3751 s.
2296 3688 2601 3753 Iohannis
2647 3688 2851 3773 bapt„
2915 3710 2965 3751 s.
2997 3688 3240 3771 Crucis,

351 3817 401 3858 s.
445 3794 754 3860 Iohannis
800 3813 898 3859 ev.
946 3794 1263 3881 simulque
1309 3792 1650 3860 ecclesiam
1696 3815 1746 3856 s.
1778 3793 2082 3858 Venantii
2127 3813 2271 3858 cum
2317 3793 2447 3857 suis
2504 3793 2934 3878 pertinentiis,
2980 3799 3048 3858 et
3091 3813 3241 3857 con-

349 3898 563 3963 firmat
607 3898 947 3963 ecclesiam
992 3921 1043 3962 s.
1074 3896 1347 3964 Rufinae
1393 3904 1461 3964 et
1503 3897 1840 3964 Secundae
1887 3905 1955 3963 et
1998 3898 2129 3963 alia
2171 3896 2360 3962 bona.
2409 3933 2490 3946 --
2536 3896 2752 3963 Officii
2795 3897 3014 3962 nostri.

562 4007 612 4063 G
636 4007 682 4074 f.
707 4013 805 4063 22'.
876 4008 968 4078 [F
993 4010 1038 4076 f.
1071 4017 1155 4065 66.
1210 4008 1294 4064 R*
1325 4010 1371 4076 f.
1396 4017 1443 4064 6.
1479 4007 1562 4080 SJ.
1603 4038 1668 4049 -
1705 4007 1855 4064 ΕΜ.
1896 4008 2143 4078 Βωμοηί
2169 4026 2231 4079 p.
2269 4016 2362 4063 110
2395 4008 2491 4078 (cs.
2535 4024 2586 4076 p.
2621 4013 2733 4063 214.
2769 4011 2903 4069 216).
2975 4006 3149 4077 Goppi
3183 4007 3246 4062 in

360 4094 583 4149 Πίθωνι.
609 4092 923 4164 dollapont.
949 4094 1154 4150 Accad.
1184 4094 1340 4150 Rom.
1371 4093 1489 4149 XV
1513 4095 1694 4164 (1864)
1726 4101 1832 4150 207
1860 4111 1918 4149 a.
1944 4103 2020 4150 19.
2078 4092 2354 4164 Pfiuqu.
2389 4095 2529 4149 Acta
2564 4093 2638 4147 H
2666 4100 2730 4148 70
2761 4110 2818 4148 n.
2855 4101 2949 4150 106
2981 4109 3049 4148 α
3083 4093 3139 4149 0.
3180 4123 3246 4134 —

358 4180 513 4252 Bw.
550 4179 767 4235 Wiener
801 4181 914 4237 SR.
955 4180 1285 4239 xclvsso.
1356 4181 1622 4237 Pressutti
1655 4186 1691 4236 1
1718 4200 1773 4251 p.
1800 4181 1968 4237 LXI.
2005 4181 2114 4237 JL.
2153 4187 2302 4237 4320.

353 4322 434 4384 *7
2753 4322 3160 4404 (1061-73)

354 4423 801 4491 Alexander
846 4425 916 4489 II
961 4424 1179 4491 condit
1222 4427 1534 4511 optimum
1580 4426 2022 4511 privilegium,
2083 4426 2148 4488 in
2203 4445 2330 4510 quo
2389 4422 2588 4488 donat
2630 4424 2953 4488 canonicis
2996 4422 3244 4494 medie-

357 4537 554 4595 tatem
615 4529 899 4594 omnium
955 4528 1353 4595 oblationum
1412 4527 1782 4614 principalis
1841 4527 2091 4611 altaris,
2155 4525 2382 4591 domus
2438 4547 2603 4612 quae
2663 4531 2810 4590 sunt
2860 4527 2927 4590 in
2981 4527 3245 4591 circuitu

356 4635 535 4700 istius
581 4631 908 4717 basilicae,
954 4635 1283 4721 multaque
1330 4634 1457 4699 alia
1502 4633 1975 4719 possessionum
2021 4631 2290 4715 praedia
2343 4629 2610 4694 diversis
2662 4630 2727 4693 in
2773 4628 3135 4694 civitatibus
3179 4638 3247 4695 et

356 4738 511 4804 locis
557 4737 1003 4820 consistentia,
1050 4744 1117 4803 et
1160 4738 1411 4820 statuit,
1471 4744 1541 4802 ut
1584 4757 1740 4801 vasa
1784 4757 1899 4801 seu
1942 4741 2156 4800 vestes
2201 4733 2421 4799 altaris
2466 4738 2533 4799 et
2577 4739 2805 4798 cuncta
2849 4735 3012 4799 sacri
3055 4735 3243 4798 mini-

355 4842 529 4906 sterii
598 4846 976 4906 ornamenta
1041 4862 1168 4905 non
1234 4845 1577 4926 tangantur
1633 4839 1738 4904 vel
1804 4837 2214 4923 proferantur
2279 4857 2393 4901 seu
2454 4843 2845 4922 reponantur
2889 4842 3001 4902 aut
3045 4837 3241 4902 etiam

361 4943 863 5030 qualescumque
910 4943 1269 5010 oblationes
1301 4941 1580 5028 desuper
1609 4941 1797 5007 altari
1843 4963 1883 5006 a
1929 4962 2055 5005 non
2101 4941 2366 5006 sacratis
2393 4940 2537 5005 Deo
2582 4940 2886 5005 ministris
2918 4940 3243 5006 tollantur.

562 5053 746 5109 mua.
784 5072 821 5108 a
859 5053 1108 5109 Iohanne
1142 5053 1282 5110 diac.
1330 5070 1376 5109 c.
1413 5051 1564 5108 VIII
1597 5058 1647 5108 st
1689 5052 1753 5107 in
1797 5052 1956 5107 bulle's
1991 5052 2280 5106 Anastasii
2315 5050 2405 5105 IV
2448 5051 2528 5118 (n.
2563 5051 2653 5120 19)
2696 5049 3028 5120 aliorum
3062 5051 3245 5121 pontif

360 5142 556 5285 §⁶32²ss
578 5138 883 5284 311ng
902 5139 1170 5194 Pam-Mo
1197 5157 1255 5208 p.
1282 5146 1390 5195 128.
1463 5139 1713 5194 Pevmotti
1741 5141 1761 5174 ¹
1780 5157 1837 5208 p.
1875 5146 1984 5195 667.
2066 5138 2313 5207 Βαφοπί
2351 5153 2405 5206 p.
2439 5144 2542 5191 111.
2613 5134 2883 5206 Pfiuqkfl.
2923 5136 3036 5191 Iter
3063 5153 3121 5204 p.
3157 5143 3246 5191 196
