4065 6049
873 346 992 408 182
2219 340 2410 395 Rom

867 518 1202 581 confestim
1261 537 1302 579 a
1355 514 1498 578 loco
1557 514 1875 598 discedat,
1944 517 2108 578 sicut
2173 517 2234 579 ei
2291 514 2540 580 nobiles
2592 517 2707 580 viri
2764 515 2844 580 R.
2892 515 2971 581 de
3017 516 3448 581 Bellomonte
3506 524 3572 581 et
3610 519 3739 581 socii

870 623 1006 685 eius
1050 624 1430 704 proponent.
1477 654 1560 664 —
1606 618 1752 683 Non
1798 619 2206 684 credidimus,

1077 731 1202 800 Req.
1238 729 1542 784 Alexandri
1579 729 1689 784 III
1718 747 1798 799 ep.
1826 737 1898 785 43
1931 731 2017 797 (in
2050 729 2163 784 cod.
2199 731 2314 785 nou.
2358 730 2610 785 Tn'nitat.
2650 730 2956 800 cantabr-32.
2991 732 3074 799 (R
3104 736 3261 797 9.17)
3303 750 3352 788 8.
3383 732 3525 787 XII
3556 732 3597 797 f.
3622 672 3741 795 im.

867 852 933 861 —
971 820 1078 874 Ed
1116 819 1461 886 Imwcnseld
1496 816 1647 888 Epp.
1677 828 1854 888 p.159
1890 838 1942 874 ιι.
1969 828 2084 876 278.
2122 850 2189 859 —
2227 819 2352 890 Rq.
2388 820 2497 875 JL
2533 826 2711 875 13093.

870 980 995 1043 *17
3495 980 3655 1041 1183

868 1086 1151 1148 Lucius
1195 1084 1302 1147 ῙΠ
1362 1081 1763 1147 senatoribus
1820 1083 2016 1147 mittit
2075 1084 2361 1168 nuntios,
2419 1089 2491 1147 ut
2549 1084 2776 1147 civitas
2820 1083 3183 1148 Tusculana
3234 1105 3276 1147 a
3324 979 3747 1147 Romanorilm

869 1189 1162 1253 manibus
1206 1187 1515 1251 liberetur
1560 1238 1574 1251 .
1611 1238 1624 1251 .
1660 1235 1675 1249 .
1707 1238 1723 1252 .

1077 1300 1228 1352 Ami.
1285 1298 1522 1351 Romani
1573 1297 1708 1363 (ald.
1757 1298 1909 1351 Mon.
1963 1298 2141 1351 Germ.
2188 1297 2299 1352 Ser.
2348 1297 2554 1364 V4305
2602 1297 2889 1353 Waucn'd·
2934 1299 3080 1353 Vitae
3124 1299 3338 1367 pontif.
3372 1298 3598 1365 116513
3650 1296 3748 1350 Lib.

863 1385 1065 1452 pontis.
1101 1384 1180 1439 ed.
1217 1384 1502 1439 machaerae
1537 1384 1613 1439 II
1639 1387 1787 1454 350).
1825 1415 1890 1424 —-
1931 1385 2066 1454 Ray.
2101 1384 2210 1439 JL.
2248 1417 2331 1438 —.

879 1544 962 1605 18
3194 1544 3376 1604 1188
3422 1540 3577 1603 mai.
3607 1541 3685 1601 31

871 1646 1233 1710 Concordia
1278 1647 1443 1710 inter
1487 1646 1964 1711 Clementem
2011 1646 2117 1709 ΙΙΙ
2163 1652 2230 1709 ct
2274 1644 2630 1710 Romanos:
2681 1643 2956 1710 Senatus
2994 1644 3412 1741 populusque
3443 1642 3749 1707 Romanus

874 1748 1146 1814 reddent
1203 1751 1486 1834 pontifici
1546 1758 1836 1814 senatum
1897 1758 1964 1814 et
2019 1749 2264 1815 Urbem
2320 1771 2395 1814 ac
2450 1758 2808 1831 monetam,
2867 1756 3127 1834 praeter
3185 1751 3456 1814 tertiam
3504 1754 3747 1831 partem,

874 1853 1211 1917 ecclesiam
1259 1854 1317 1918 b.
1351 1854 1529 1918 Petri
1590 1860 1657 1917 et
1702 1856 2110 1938 episcopatus
2171 1860 2237 1918 et
2283 1854 2444 1918 alias
2490 1854 2825 1937 ecclesias,
2884 1855 3131 1937 regalia
3175 1860 3308 1918 tam
3358 1852 3539 1916 intra
3583 1871 3747 1935 quam

874 1964 1059 2022 extra
1105 1957 1376 2040 Urbem,
1425 1964 1683 2042 praeter
1728 1966 1992 2042 pontem
2038 1959 2406 2041 Lucanum,
2454 1965 2520 2022 et
2567 1959 2920 2022 tenimenta
2964 1959 3131 2021 intra
3175 1964 3242 2022 et
3287 1963 3489 2023 extra
3534 1954 3747 2019 Tuscu·

875 2061 1108 2124 lanum.
1154 2098 1240 2106 —
1283 2062 1518 2125 Actum
1565 2067 1643 2126 44
1693 2084 1751 2126 a.
1799 2068 2079 2146 senatus,
2126 2062 2254 2126 ind.
2287 2068 2347 2145 6,
2394 2084 2479 2126 m.
2526 2062 2676 2126 maii
2725 2060 2829 2126 die
2875 2060 3125 2126 ultime.

1084 2171 1306 2225 Concita
1342 2171 1460 2231 Lib.
1499 2190 1754 2227 censuum
1789 2173 1841 2226 S.
1871 2172 1941 2227 R.
1969 2173 2038 2227 E.
2086 2190 2130 2226 c.
2155 2182 2238 2227 84.
2302 2202 2365 2211 -
2428 2171 2576 2225 Edd.
2628 2172 2909 2226 Baronius
2960 2172 3109 2226 Am.
3158 2171 3235 2225 ad
3277 2188 3332 2226 a.
3362 2177 3501 2226 1188
3542 2187 3582 2224 c.
3607 2175 3667 2223 23
3696 2191 3749 2214 =

879 2258 1160 2311 Muratori
1196 2258 1304 2312 Ser.
1334 2258 1444 2311 III
1445 2270 1473 2298 ⁸
1494 2265 1614 2313 588.
1687 2259 1754 2314 Β.
1782 2259 2119 2313 Floras-ante
2146 2259 2382 2326 Antiqui
2408 2259 2781 2314 Romanorum
2808 2258 3129 2326 pontificum
3163 2257 3384 2311 dotarii
3422 2276 3464 2310 a
3490 2254 3751 2311 Ramnete

880 2344 983 2397 XI
1007 2343 1082 2396 ad
1117 2343 1358 2397 Paulum
1395 2344 1501 2398 111
1525 2345 1752 2412 (Romae
1789 2349 1937 2412 1738)
1968 2362 2029 2414 p.
2058 2353 2106 2400 6.
2179 2346 2458 2399 Muratori
2494 2345 2681 2413 Antiq.
2720 2344 2829 2398 III
2861 2350 2958 2399 785
2994 2366 3059 2389 =
3096 2343 3402 2398 venamini
3450 2343 3562 2398 Del
3591 2345 3749 2395 senate

868 2447 930 2498 p.
959 2438 1049 2485 164
1096 2435 1238 2498 not„
1277 2454 1342 2477 ==
1375 2432 1553 2486 Vitale
1598 2431 1639 2485 I
1666 2438 1760 2498 63,
1797 2456 1862 2477 =
1897 2432 1987 2485 La
2032 2433 2252 2487 Farina
2285 2450 2339 2500 p.
2371 2438 2475 2486 344
2523 2449 2579 2486 n.
2619 2439 2775 2498 7,.=
2826 2430 3012 2499 Mimo
3052 2430 3236 2485 CCIV
3264 2439 3417 2485 1507.
3491 2425 3752 2483 Wattm'dt

889 2517 1044 2571 Vitae
1071 2517 1274 2585 pontif.
1313 2519 1385 2571 ῙῙ
1411 2527 1527 2573 699.
1595 2517 1826 2572 Theiner
1863 2518 1987 2574 Coa.
2024 2518 2149 2586 dipa
2185 2518 2321 2574 ἄοινα.
2356 2524 2508 2587 temp.
2549 2519 2589 2571 I
2614 2526 2679 2573 24
2714 2534 2769 2572 n.
2802 2523 2883 2572 32.
2951 2515 3456 2572 Fam-Ducam
3492 2517 3537 2571 I
3557 2522 3661 2571 373.
3692 2545 3745 2553 -

878 2604 1032 2673 Reyq.
1072 2604 1294 2658 Moretti
1331 2605 1498 2659 Ritus
1531 2604 1704 2658 dandi
1732 2623 1790 2673 p.
1816 2613 1931 2661 280.
2007 2606 2175 2674 Coppa·
2204 2625 2259 2674 p.
2289 2615 2360 2660 19.
2433 2605 2551 2661 JL.
2589 2637 2673 2660 —.

1254 2702 1321 2756 cf.
1350 2700 1411 2755 G.
1439 2699 1775 2754 'romassetti
1815 2701 1894 2755 La
1932 2719 2071 2770 pace
2107 2700 2164 2753 di
2203 2700 2379 2754 Roma
2414 2701 2593 2769 (1188)
2633 2700 2690 2755 in
2727 2700 2950 2757 Rivista
2986 2699 3427 2755 internazionale
3464 2698 3522 2753 di
3559 2695 3745 2751 sciense

1083 2786 1278 2840 sociali
1319 2788 1469 2841 1896.
1508 2818 1570 2826 —
1610 2788 1988 2841 Iuramentum
2024 2788 2174 2855 quod
2210 2796 2493 2843 senatores
2532 2788 2697 2843 Urbis
2734 2787 3009 2843 Clementi
3047 2789 3125 2841 111
3164 2789 3452 2853 fecerunt,
3489 2785 3668 2842 exstat
3698 2781 3746 2834 in

1084 2872 1279 2927 ordine
1315 2872 1564 2928 Romano
1603 2873 1706 2927 XII
1746 2892 1790 2928 c.
1816 2875 1883 2931 59
1918 2874 2029 2943 (86)
2067 2875 2219 2944 apud
2257 2872 2519 2930 Cencium
2556 2876 2664 2943 (ed.
2702 2875 3197 2932 Fame-Daemones
3232 2874 3256 2927 1
3290 2874 3441 2942 313).

882 3016 965 3075 19
3158 3015 3330 3077 1191
3370 3009 3567 3095 april.
3601 3011 3675 3074 19

880 3119 1226 3182 Senatores
1300 3117 1509 3181 almae
1575 3117 1797 3200 Urbis,
1866 3116 2127 3181 decreto
2195 3118 2573 3202 amplissimi
2640 3119 2881 3182 ordinis
2942 3127 3232 3201 senatus,
3302 3117 3741 3183 acclamatione

880 3222 1101 3306 populi
1131 3222 1409 3286 Romani
1441 3221 1695 3305 publice
1726 3222 2048 3305 Capitolio
2082 3224 2507 3306 consistentis,
2554 3225 2963 3304 constituunt,
3009 3229 3080 3290 ut
3123 3221 3379 3306 (Celes
3395 3224 3604 3286 tinus
3630 3216 3743 3298 III)

882 3349 987 3411 pp.
1034 3333 1102 3391 et
1144 3327 1440 3390 Romana
1485 3326 1761 3390 ecclesia
1809 3332 2071 3391 teneant
2115 3334 2181 3392 et
2226 3327 2509 3391 habeant
2537 3335 2733 3412 atque
2764 3326 3139 3413 possideant
3169 3328 3385 3391 omnia
3420 3326 3742 3392 tenimenta

882 3429 1245 3511 Tusculani,
1293 3431 1454 3493 sicut
1498 3431 1561 3493 in
1607 3431 1958 3514 privilegiis
2001 3431 2144 3493 finis
2190 3432 2400 3496 factae
2448 3433 2613 3498 inter
2643 3431 3005 3497 Romanam
3037 3431 3382 3497 ecclesiam
3429 3435 3498 3496 et
3527 3426 3739 3494 Urbem

881 3540 1173 3618 apparet.
1221 3571 1304 3580 —
1351 3533 1585 3598 Actum
1633 3538 1712 3598 47
1760 3555 1817 3597 a.
1866 3542 2147 3618 senatus,
2193 3534 2322 3602 ind.
2356 3538 2415 3616 9,
2462 3556 2546 3599 m.
2595 3536 2779 3619 april.
2827 3535 2932 3600 die
2986 3540 3082 3600 19.

1089 3644 1316 3698 Oeneius
1353 3643 1473 3698 Lib.
1498 3660 1634 3700 cens.
1671 3644 1724 3697 S.
1753 3644 1820 3699 R.
1849 3644 1917 3699 Ε.
1953 3661 1995 3698 c.
2022 3652 2131 3698 126.
2173 3675 2230 3684 —
2272 3644 2415 3700 EM.
2446 3646 2721 3699 Muratori
2750 3646 2939 3714 Δπίἰιι.
2967 3644 3081 3699 ΙΙΙ
3099 3652 3194 3700 787
3224 3668 3289 3690 =
3326 3641 3623 3699 Vendatmi
3652 3637 3741 3692 Del

879 3736 1065 3783 senato
1103 3747 1159 3797 p.
1199 3739 1290 3784 179
1340 3735 1477 3797 not„
1523 3754 1587 3776 =
1636 3731 1808 3784 Vitale
1859 3732 1892 3784 1
1927 3740 2009 3796 70,
2049 3755 2113 3777 =
2152 3730 2238 3785 La
2286 3731 2507 3785 Farina
2549 3739 2737 3801 1234?
2777 3748 2835 3785 ιι.
2861 3738 2921 3799 8,
2962 3755 3026 3777 =
3064 3730 3356 3785 Watterich
3384 3731 3539 3786 Vitae
3564 3723 3737 3796 pontis.

884 3816 961 3870 II
989 3825 1083 3870 720
1117 3822 1227 3870 not.
1264 3818 1450 3871 Amaci
1475 3835 1533 3886 p.
1560 3825 1650 3872 169
1683 3835 1739 3872 n.
1768 3826 1841 3871 14.
1914 3818 2401 3872 Fabre-Daeaehesne
2437 3820 2477 3872 I
2504 3828 2621 3874 404.
2658 3848 2722 3857 —-
2761 3818 2891 3886 Rey.
2926 3818 3036 3872 JL.
3074 3851 3158 3873 —.

1259 3913 1378 3967 Hoc
1427 3917 1596 3982 pacto
1643 3912 1794 3967 nisus
1832 3913 2145 3968 Celestinus
2184 3914 2260 3967 Ill
2306 3914 2561 3983 pluribus
2617 3913 2869 3970 ecclesiis
2906 3914 3073 3968 Urbis
3118 3912 3494 3984 possessiones
3532 3911 3591 3966 in
3622 3904 3737 3962 teni·

1089 4001 1276 4054 mento
1314 3999 1619 4053 Tusculani
1657 4000 1946 4064 concessit,
1983 3999 2018 4054 i.
2046 4019 2092 4054 e.
2130 4019 2171 4055 s.
2199 4001 2387 4055 Crucis
2424 4001 2482 4055 in
2521 4001 2867 4057 Hierusalem
2908 4002 3077 4068 (11.7),
3113 4021 3156 4055 s.
3181 3999 3457 4070 Stephani
3492 4000 3548 4053 in
3575 3990 3735 4087 Coelio

1089 4089 1277 4141 monte
1314 4087 1385 4154 (n.
1411 4087 1491 4154 3),
1545 4105 1586 4141 s.
1612 4085 1822 4142 Mariae
1872 4087 2065 4143 Novae
2104 4089 2178 4153 (n.
2208 4089 2316 4157 14),
2371 4107 2441 4144 ss·
2477 4087 2657 4158 Sergii
2711 4090 2771 4145 et
2822 4088 3001 4143 Bachi
3048 4090 3123 4156 (n.
3152 4090 3203 4157 1)
3259 4089 3319 4144 et
3372 4106 3415 4141 S.
3443 4081 3643 4141 Mariae
3689 4095 3735 4132 111

1092 4172 1318 4229 Porticu
1355 4173 1429 4242 (n.
1456 4175 1526 4243 7).

881 4318 969 4379 20
3203 4315 3372 4376 1191
3416 4307 3565 4378 inni.
3591 4311 3667 4374 23

884 4421 1230 4486 Senatores
1275 4420 1485 4485 almae
1519 4419 1731 4501 Urbis,
1780 4419 2042 4484 decreto
2089 4420 2467 4503 amplissimi
2522 4420 2761 4485 ordinis
2814 4420 2978 4484 sacri
3023 4425 3304 4501 senatus,
3355 4415 3729 4488 constituunt,

886 4532 1200 4610 quatenus
1256 4526 1592 4589 Romanae
1652 4524 1962 4589 ecclesiae
2025 4531 2092 4588 et
2137 4523 2563 4608 (Celestino
2612 4523 2744 4609 III)
2789 4546 2896 4608 pp.
2956 4522 3318 4587 nullatenus
3370 4517 3732 4606 praeiudicet

886 4651 1096 4714 neque
1145 4635 1376 4693 noceat
1418 4651 1536 4713 per
1581 4634 1894 4712 tempora,
1943 4627 2114 4713 quod
2147 4629 2508 4693 Celestinus
2554 4627 2635 4692 de
2666 4649 2846 4692 mera
2885 4649 3003 4691 sua
3032 4626 3420 4691 liberalitate
3467 4631 3532 4691 et
3558 4616 3729 4706 gratia

887 4732 970 4796 ad
1025 4754 1329 4816 praesens
1386 4733 1655 4817 largitur
1714 4732 2133 4797 senatoribus,
2206 4769 2282 4778 —
2353 4732 2587 4796 Actum
2648 4754 2704 4796 a.
2741 4735 2821 4796 47
2870 4736 3155 4815 senatus,
3202 4728 3331 4794 ind.
3366 4734 3438 4814 9,
3487 4750 3565 4793 m.
3606 4718 3726 4788 maii

888 4836 994 4902 die
1040 4840 1142 4901 28.

1099 4947 1327 5001 Oeneius
1361 4946 1482 5002 Lib.
1516 4962 1648 5000 cens.
1686 4945 1741 5000 S.
1768 4946 1836 5000 R.
1864 4945 1934 4999 E.
1972 4962 2016 4999 c.
2039 4953 2145 4999 127.
2191 4977 2262 4986 -
2308 4945 2457 5001 Εᾱά.
2497 4946 2774 5000 Mur-acori
2809 4945 2990 5013 Αιιιίᾳ.
3028 4945 3116 5002 IV
3135 4952 3198 5001 35
3233 4968 3299 4991 =
3329 4939 3621 4998 Vendettim'
3647 4930 3727 4989 Dd

885 5041 1072 5089 senato
1100 5051 1155 5103 p.
1182 5041 1278 5088 176
1314 5039 1443 5101 not„
1477 5058 1541 5079 =
1582 5033 1874 5087 Wattm‘ch
1910 5031 2062 5087 Vitae
2089 5034 2294 5101 pontif.
2333 5033 2406 5087 ΙΙ
2436 5041 2531 5088 720
2577 5038 2687 5087 not.
2784 5033 2971 5087 Amati
2995 5050 3054 5102 p.
3080 5039 3179 5088 168
3212 5048 3266 5086 n.
3294 5037 3369 5087 13.
3450 5021 3726 5085 FabreeDu·

888 5123 1073 5178 cheam
1108 5125 1148 5179 1
1175 5133 1297 5180 405.
1333 5154 1402 5164 —
1437 5123 1569 5194 Ray.
1606 5122 1714 5177 JL.
1752 5152 1837 5174 -.
