4065 6049
1618 452 1761 506 Eccl.
1798 470 1840 505 s,
1867 449 2021 507 Petri
2060 449 2119 504 in
2155 449 2447 506 Vaticana
3353 457 3471 519 133

584 630 944 684 monumenta
984 628 1253 695 ι(11011166
1293 625 1478 693 1773);
1520 623 1792 692 ²(Ron1ae
1831 625 2003 692 1828).
2060 653 2124 663 —
2183 624 2262 679 St.
2301 622 2551 694 Borgia
2585 622 2867 678 Vaticana
2904 623 3176 680 confessio
3228 624 3280 679 b.
3319 624 3469 679 Petri

585 712 854 785 principis
900 714 1280 783 apostolorum
1318 754 1332 767 .
1361 754 1373 767 .
1412 710 1714 766 inlustrata
1757 711 1986 778 (Romae
2024 712 2198 773 1776).
2252 740 2320 749 —
2374 709 2453 764 St.
2492 710 2745 780 Borgia
2782 711 2863 765 De
2901 729 3060 766 cruce
3087 710 3368 766 Vaticana
3404 729 3471 765 ex

583 802 726 857 dono
763 800 966 856 Iustini
1004 798 1246 870 Augusti
1286 841 1298 854 .
1325 845 1338 857 .
1377 796 1807 853 commentarius
1845 798 2078 866 (Romae
2116 798 2289 865 1779).
2350 825 2418 836 —
2479 796 2670 850 Franc.
2708 796 3129 853 Cancellieri
3179 798 3261 853 De
3297 815 3472 854 secre-

581 888 744 943 tariis
778 887 1048 943 basilicae
1089 886 1403 941 vaticanae
1442 883 1647 940 veteris
1695 902 1762 939 ac
1812 900 1989 939 novae
2026 883 2202 937 I-—IV
2249 882 2482 950 (Romae
2519 882 2692 950 1786).
2748 914 2816 923 -
2876 885 2983 951 (Fr.
3022 883 3473 952 Cancellieri)

585 975 932 1031 Descrizione
971 973 1120 1029 della
1155 972 1395 1028 basilica
1420 969 1698 1026 Vaticana
1734 988 1835 1026 con
1873 989 1984 1025 una
2020 969 2330 1025 biblioteca
2365 969 2517 1040 degli
2543 969 2728 1025 autori
2764 971 2866 1026 che
2902 987 2971 1025 ne
3008 970 3196 1026 hanno
3232 973 3472 1025 trattato

584 1062 782 1129 (Roma
820 1058 976 1129 1788)
1013 1064 1073 1117 61
1119 1060 1177 1115 10
1215 1057 1534 1114 Effemeridi
1583 1057 1870 1113 letterarie
1914 1056 1972 1111 di
2025 1057 2203 1111 Roma
2239 1058 2390 1111 1789.
2426 1086 2494 1096 --
2533 1055 2697 1127 Luigi
2736 1056 3125 1113 Martorelli
3160 1056 3346 1112 Storia
3380 1058 3470 1112 del

582 1151 730 1205 clero
753 1149 1029 1205 Vaticano
1067 1148 1160 1202 dai
1198 1145 1365 1218 primi
1403 1145 1573 1202 secoli
1609 1146 1699 1201 (161
1743 1143 2149 1201 cristianesimo
2184 1144 2294 1200 fino
2330 1145 2386 1198 al
2425 1143 2582 1198 XVII
2620 1144 2821 1212 (Roma
2861 1146 3031 1211 1792).
3069 1173 3136 1183 -
3172 1142 3296 1198 Nic.
3333 1144 3471 1199 Mar.

581 1236 662 1292 De
695 1235 1011 1291 Nicolais
1035 1236 1115 1291 De
1140 1233 1419 1290 Vaticana
1442 1231 1682 1288 basilica
1706 1232 1824 1287 divi
1849 1231 2003 1288 Petri
2029 1250 2096 1286 ac
2121 1232 2190 1288 de
2215 1230 2461 1286 eiusdem
2487 1230 2802 1302 privilegiis
2835 1231 2967 1286 libri
2990 1231 3024 1284 4
3049 1231 3277 1298 (Romae
3300 1231 3469 1297 1817).

581 1353 647 1361 -
685 1322 881 1376 Aemil.
920 1322 1106 1378 Sarti
1142 1338 1172 1375 6
1209 1321 1313 1375 108.
1351 1320 1620 1375 8611616
1659 1319 1744 1373 Ad
1783 1319 1883 1372 Ph.
1922 1319 1980 1372 L.
2020 1316 2276 1387 Dionysii
2314 1336 2455 1388 opus
2491 1317 2560 1373 de
2585 1317 2879 1372 Vaticanis
2915 1317 3129 1388 cryptis
3185 1315 3471 1386 appendix

581 1408 811 1475 (Romae
850 1409 1023 1477 1840).
1086 1438 1150 1447 -
1210 1405 1440 1475 Nibby
1488 1406 1651 1461 1593
1672 1424 1753 1475 sq.
1831 1434 1896 1445 —
1966 1403 2070 1459 Fil.
2110 1406 2246 1460 Mar.
2282 1404 2634 1476 Mignanti
2689 1404 2892 1460 Istoria
2945 1404 3096 1459 della
3148 1407 3473 1458 sacrosanta

580 1495 919 1565 patriarcale
969 1494 1203 1550 basilica
1228 1493 1509 1550 Vaticana
1556 1493 1711 1548 dalla
1756 1510 1857 1547 sua
1905 1491 2232 1547 fondazione
2277 1492 2386 1547 fino
2437 1491 2494 1545 al
2540 1495 2797 1561 presente
2834 1491 2984 1545 1-11
3023 1489 3470 1557 (Roma-Torino

585 1584 754 1648 1867).
791 1610 856 1621 -
897 1581 1208 1637 Forcella
1233 1581 1311 1635 VI
1351 1584 1481 1649 lsq.
1520 1610 1587 1620 -
1621 1580 1686 1635 A.
1723 1579 1814 1634 De
1851 1578 2039 1633 Waal
2079 1580 2105 1633 I
2141 1577 2338 1649 luoghi
2383 1577 2467 1648 pii
2505 1577 2591 1633 sul
2627 1577 2909 1634 territorio
2945 1576 3222 1632 Vaticano
3273 1576 3471 1643 (Roma

585 1670 753 1738 1886).
808 1699 874 1709 -
936 1667 1303 1723 Armellini
1347 1668 1699 1737 ¹p.508sq.;
1752 1667 2069 1736 ²p.695sq.
2127 1696 2193 1705 -
2253 1665 2319 1721 D.
2356 1666 2694 1720 Dufresne
2743 1664 2848 1719 Les
2906 1667 3132 1733 cryptes
3167 1662 3471 1718 Vaticanes

580 1755 956 1823 (Paris-Rome
996 1754 1164 1819 1902).
1203 1784 1270 1794 -
1323 1753 1669 1809 Marucchi
1707 1772 1762 1823 p.
1788 1752 1890 1808 110
1909 1771 1992 1821 sq.
2029 1782 2096 1792 ——
2148 1752 2205 1807 L.
2244 1750 2720 1822 Schiaparelli
2760 1751 2835 1806 Le
2872 1755 3025 1805 carte
3073 1750 3301 1805 antiche
3352 1750 3466 1804 del·

577 1841 868 1897 l'archivio
903 1840 1214 1911 capitolare
1239 1840 1298 1896 di
1326 1841 1379 1897 S.
1400 1840 1588 1896 Pietro
1614 1838 1673 1894 in
1694 1839 1968 1895 Vaticano
2004 1837 2063 1893 in
2100 1838 2264 1893 Arch.
2291 1837 2442 1894 della
2479 1838 2602 1893 Soc.
2631 1838 2786 1892 Rom.
2816 1835 3001 1890 XXIV
3025 1836 3204 1903 (1901)
3241 1836 3459 1904 393sq.;

578 1929 734 1983 XXV
773 1930 950 1996 (1902)
987 1928 1090 1982 273
1108 1946 1188 1997 sq.
1230 1957 1294 1967 -
1331 1927 1390 1982 1..
1429 1927 1778 1983 Duchesne
1817 1925 2100 1981 Vaticana
2135 1924 2195 1980 in
2232 1925 2519 1995 Melanges
2557 1924 2714 1979 XXII
2752 1923 2930 1991 (1902)
2967 1924 3103 1991 Ssq.
3138 1923 3240 1977 385
3263 1941 3342 1991 sq.

791 2104 1072 2168 Basilica
1116 2102 1177 2166 b.
1209 2101 1389 2167 Petri
1435 2106 1640 2185 apost.
1688 2101 1753 2163 in
1783 2099 2120 2181 Vaticano,
2167 2099 2231 2161 in
2276 2097 2450 2181 locu,
2498 2096 2608 2161 ubi
2654 2096 3003 2162 secundum
3049 2096 3222 2180 piam
3272 2095 3468 2161 tradi·

577 2209 819 2273 tionem
864 2210 992 2273 iam
1023 2207 1376 2271 Anacletus
1414 2204 1771 2289 presbyter,
1817 2210 2047 2287 postea
2090 2224 2282 2286 papa,
2315 2202 2667 2266 oratorium
2700 2221 2844 2265 cum
2876 2201 3266 2265 coemeterio
3314 2221 3467 2265 oon-

579 2318 918 2394 struxerat,
965 2333 1005 2376 a
1050 2310 1468 2376 Constantino
1513 2307 1600 2372 M.
1649 2306 1906 2372 condita
1952 2312 2019 2372 et
2064 2329 2104 2372 a
2149 2306 2456 2372 Silvestre
2490 2308 2543 2391 Ι,
2589 2314 2661 2371 01
2707 2308 2997 2390 traditur,
3052 2314 3127 2372 14
3160 2308 3291 2372 kal.
3327 2308 3465 2373 dec.

579 2415 907 2497 dedicata,
971 2415 1305 2500 paullatim
1365 2414 1637 2498 primum
1697 2414 1863 2475 inter
1905 2410 2101 2477 Urbis
2156 2411 2463 2476 ecclesias
2520 2412 2733 2476 locum
2790 2412 3079 2476 obtinuit.
3171 2412 3319 2477 Non
3365 2411 3468 2476 hic

579 2522 716 2585 eius
760 2520 1091 2584 historiam
1138 2515 1437 2583 narrandi
1466 2517 1671 2592 locus;
1720 2536 1926 2601 eoque
1974 2516 2182 2600 magis
2227 2517 2280 2579 si
2325 2518 2454 2581 iam
2486 2514 2838 2602 Gregorius
2867 2516 2902 2579 I
2947 2518 3013 2580 in
3044 2515 3466 2600 Dialogorum

578 2624 685 2688 lib.
722 2627 758 2688 3
804 2625 1033 2688 merito
1082 2623 1342 2687 dixerit:
1397 2619 1678 2705 „Quodsi
1726 2625 1955 2684 cuncta
2000 2640 2165 2704 quae
2211 2620 2278 2684 in
2322 2619 2497 2685 beati
2545 2621 2724 2685 Petri
2773 2619 3048 2686 ecclesia
3091 2626 3277 2704 gesta
3321 2626 3468 2684 sunt

579 2727 876 2792 evolvere
923 2728 1065 2813 quis
1111 2733 1406 2809 conetur,
1452 2724 1534 2789 ab
1582 2725 1863 2788 omnium
1910 2724 2040 2788 iam
2086 2724 2309 2808 procul
2356 2724 2550 2789 dubio
2596 2727 2963 2790 narratione
3010 2724 3460 2790 conticescet“.

576 2831 895 2916 Equidem
941 2832 1005 2894 in
1036 2830 1232 2895 Libro
1263 2829 1616 2915 pontificali
1660 2829 1848 2895 nimis
1893 2849 2089 2911 saepe
2136 2830 2409 2893 occurrit
2439 2828 2796 2894 Vaticanae
2843 2828 3156 2894 ecclesiae
3201 2830 3464 2911 mentio,

577 2937 668 3000 ita
733 2941 804 2999 ut
867 2936 1043 3000 locos
1110 2954 1487 2999 enumerare
1542 2932 1805 3017 longum
1859 2931 2150 3016 profecto
2208 2933 2307 2996 sit.
2405 2932 2628 2997 Paene
2685 2953 2908 2998 omnes
2963 2934 3132 2998 enim
3187 2932 3465 2998 Romani

577 3040 911 3126 pontifices
970 3061 1115 3105 eam
1172 3038 1282 3104 alii
1347 3038 1528 3102 donis
1587 3037 1896 3120 ditarunt,
1952 3037 2062 3101 alii
2116 3037 2566 3102 instaurarunt.
2676 3038 3030 3103 Praeterea
3088 3038 3386 3122 Gregorii
3433 3037 3467 3101 I

579 3150 851 3229 quatuor
895 3142 1202 3229 epistolas
1247 3141 1590 3224 habemus,
1636 3140 1759 3204 1100
1805 3140 1947 3204 1000
1992 3141 2255 3206 minime
2303 3140 2709 3226 omittendas,
2758 3141 2987 3227 quibus
3029 3143 3462 3207 Maurentium

575 3250 952 3333 magistrum
1006 3246 1278 3311 militum
1334 3244 1424 3330 (J.
1468 3238 1668 3309 1454.
1723 3243 1841 3309 JE.
1881 3243 2112 3330 1650),
2173 3244 2559 3329 Gregorium
2615 3245 3099 3330 expraefectum
3145 3243 3237 3331 (J.
3278 3249 3461 3309 1456.

576 3351 693 3414 JE.
739 3349 947 3436 1651),
992 3352 1280 3437 Arogem
1314 3349 1544 3413 ducem
1575 3350 2178 3413 Beneventanorum
2212 3347 2303 3432 (J.
2345 3353 2526 3413 1455.
2584 3349 2703 3414 JE.
2744 3348 2936 3435 1652)
2968 3355 3034 3414 61
3064 3349 3461 3434 Stephanum

577 3455 950 3538 episcopum
997 3453 1085 3539 (J.
1128 3457 1309 3518 1457.
1379 3452 1499 3518 JE.
1540 3451 1732 3538 1653)
1777 3454 2061 3537 rogavit,
2116 3458 2188 3516 ut
2240 3451 2544 3517 Savinum
2604 3452 3099 3537 subdiaconum,
3146 3460 3461 3516 rectorem

576 3559 943 3641 patrimonii
996 3558 1422 3640 Bruttiorum,
1479 3557 1580 3621 001
1635 3556 1850 3620 trabes
1909 3557 2199 3621 ecclesiis
2257 3580 2336 3621 ss.
2371 3556 2551 3622 Petri
2597 3563 2664 3622 et
2708 3556 2897 3621 Pauli
2957 3556 3353 3622 necessarias
3398 3557 3462 3618 in

578 3659 865 3744 partibus
904 3662 1299 3725 Bruttiorum
1346 3660 1539 3724 incidi
1585 3666 1652 3724 et
1696 3658 1779 3723 ad
1825 3680 2002 3724 mare
2051 3659 2217 3723 trahi
2263 3660 2646 3744 iniunxerat,
2693 3660 3088 3725 adiuvarent.
3180 3659 3460 3723 Hadria-

577 3785 694 3827 nus
739 3764 773 3827 I
817 3772 1031 3830 autem
1065 3762 1298 3829 Oarolo
1344 3765 1483 3849 regi
1513 3763 1906 3828 Francorum
1953 3769 2019 3827 et
2048 3763 2623 3848 Langobardorum
2668 3786 2726 3829 a.
2762 3767 2885 3828 779
2917 3763 3021 3829 vel
3055 3767 3177 3828 780
3210 3763 3462 3846 scripsit

580 3868 659 3932 de
708 3867 992 3933 trabibus
1038 3869 1121 3933 ad
1166 3869 1697 3933 restaurationem
1744 3867 2060 3932 ecclesiae
2108 3890 2155 3931 s.
2190 3868 2369 3932 Petri
2416 3874 2484 3933 et
2536 3867 2616 3932 de
2663 3868 3006 3933 camarado
3061 3869 3126 3930 in
3170 3865 3457 3951 partibus

579 3972 848 4057 Spoletii
917 3972 1000 4037 ad
1068 3972 1503 4038 renovandum
1571 3973 1909 4038 tectorium
1978 3972 2274 4036 faciendo
2344 3971 2436 4057 (J.
2491 3976 2671 4037 1861.
2741 3971 2859 4037 JE.
2909 3974 3076 4035 2429
3146 3992 3230 4035 ex
3293 3969 3454 4036 cod.

580 4076 856 4142 Carolin.
905 4099 1007 4162 ep.
1041 4081 1150 4141 65:
1196 4077 1369 4142 Mon.
1404 4076 1621 4141 Germ.
1657 4075 1822 4160 Epp.
1854 4075 1957 4139 111
1992 4076 2168 4161 592),
2215 4082 2282 4140 et
2325 4082 2574 4161 postea,
2621 4081 2692 4140 ut
2735 4077 3031 4159 promissi
3077 4076 3205 4138 iam
3250 4075 3459 4138 stanni

577 4177 771 4244 libras
826 4179 1003 4246 mille
1063 4180 1146 4244 ad
1205 4180 1565 4266 reparanda
1608 4180 1914 4245 basilicae
1961 4185 2133 4245 tecta
2176 4181 2463 4245 mitteret
2508 4179 2598 4264 (J.
2652 4183 2834 4245 1888.
2903 4179 3023 4245 JE.
3072 4181 3273 4255 2450;
3327 4178 3369 4241 l.
3403 4199 3455 4242 c.

577 4304 677 4367 ep.
715 4288 822 4348 78:
871 4284 974 4348 ΠΙ
1022 4284 1196 4371 609).
1286 4285 1439 4350 Α116
1482 4285 1925 4369 praeterimus.

790 4387 1135 4453 Basilicam
1193 4389 1575 4455 Vaticanam
1644 4389 2082 4453 ministrarunt
2148 4390 2355 4473 primo
2423 4388 2668 4472 clerici,
2737 4393 2963 4473 postea
3028 4387 3323 4452 monachi
3393 4389 3457 4451 in

578 4497 850 4575 quatuor
916 4495 1320 4558 monasteriis
1385 4493 1557 4578 apud
1623 4494 1829 4577 ipsam
1884 4493 2237 4576 instructis,
2294 4493 2596 4574 videlicet
2655 4515 2736 4556 ss.
2778 4491 3084 4556 Iohannis
3138 4498 3206 4557 et
3248 4491 3456 4574 Pauli,

578 4618 626 4659 s.
659 4596 945 4679 Martini,
1011 4619 1060 4660 s.
1095 4596 1404 4681 Stephani
1460 4598 1720 4662 maioris
1776 4605 1843 4661 et
1901 4620 1948 4661 s.
1975 4596 2288 4681 Stephani
2343 4597 2637 4680 minoris,
2694 4597 2802 4682 qui
2860 4595 3075 4659 divina
3136 4595 3350 4660 officia
3393 4597 3456 4658 in

575 4697 842 4763 basilica
884 4707 1292 4785 peregerunt.
1382 4701 1561 4765 Tunc
1606 4700 2105 4786 unumquodque
2152 4703 2609 4766 monasterium
2656 4722 2695 4764 a
2739 4721 2854 4764 suo
2901 4697 3455 4784 archipresbytero

576 4800 941 4888 regebatur.
1041 4802 1171 4868 Sed
1216 4803 1365 4870 inde
1420 4827 1460 4869 a
1513 4825 1679 4871 saec.
1712 4805 1813 4869 XI
1857 4806 2213 4869 invenimus
2257 4805 2485 4869 horum
2531 4805 3063 4869 monasteriorum
3108 4802 3457 4867 monachos

575 4906 888 4971 nominari
947 4907 1316 4992 canonicos,
1385 4909 1493 4994 qui
1560 4911 1667 4973 uni
1734 4908 2075 4994 eidemque
2142 4906 2697 4993 archipresbytero
2770 4892 3081 4975 ecclesiae
3145 4907 3206 4971 b.
3254 4907 3454 4986 Petri,

576 5009 819 5074 honore
883 5009 1222 5074 cardinalis
1277 5012 1646 5097 honestate,
1704 5011 2037 5098 parebant.
2126 5012 2422 5098 Denique
2477 5018 2731 5077 vetusta
2784 5013 2894 5077 illa
2957 5011 3345 5077 monasteria
3387 5011 3454 5075 in

577 5116 789 5179 ruinas
836 5134 980 5178 cum
1024 5115 1348 5181 venissent
1391 5124 1458 5181 et
1501 5116 1954 5181 monachorum
2001 5117 2134 5180 vita
2179 5117 2499 5181 communi
2544 5118 2749 5202 magis
2794 5118 3127 5202 magisque
3173 5113 3451 5197 labente,

576 5221 640 5283 in
687 5239 909 5286 eorum
952 5218 1165 5283 locum
1211 5223 1500 5288 canonici
1544 5220 1906 5286 saeculares
1950 5221 2201 5286 suffecti
2247 5227 2410 5285 sunt.
