4065 6049
772 473 856 535 48
2124 467 2315 523 Roma.

771 646 815 706 3
2602 642 2956 709 Benevento
3000 644 3232 727 (1156)
3275 651 3461 711 mar&
3498 646 3581 709 18

771 746 1219 813 Hadrianus
1249 744 1347 809 IV
1392 745 1747 811 rectoribus
1779 746 2114 813 Romanae
2162 749 2612 814 fraternitatis:
2661 748 2948 832 mandat,
2996 755 3312 833 quatenus
3354 751 3665 836 populum

773 852 1084 916 ecclesiae
1132 872 1179 913 s.
1214 848 1460 913 Mariae
1507 851 1570 914 in
1617 850 2006 916 Candiatore
2028 853 2102 939 ²),
2151 855 2256 937 qui
2305 853 2617 918 ecclesiae
2665 876 2712 916 s.
2748 852 2927 918 Petri
2973 853 3057 917 ad
3090 854 3366 919 Vincula
3409 875 3667 919 manum

774 954 1224 1019 oboedientiae
1258 953 1548 1018 exhiberi
1591 954 1989 1039 contradicit,
2039 965 2506 1040 commoneant,
2554 963 2624 1021 ut
2654 979 2694 1021 a
2725 956 3227 1022 contradictione
3273 957 3387 1022 illa
3416 960 3669 1043 penitus

774 1060 855 1123 de
903 1066 1120 1124 cetero
1167 1064 1375 1122 cesset
1421 1064 1488 1122 et
1533 1058 1707 1143 quod
1755 1059 2029 1123 ecclesia
2075 1083 2122 1123 s.
2159 1060 2338 1125 Petri
2383 1059 2582 1125 habet
2625 1062 2687 1123 in
2734 1061 2968 1126 ceteris
2999 1061 3283 1144 capellis,
3331 1062 3396 1125 in
3441 1063 3564 1125 ista
3609 1064 3668 1125 ei

772 1162 1152 1228 subtrahere
1218 1184 1344 1226 non
1412 1172 1803 1245 praesumat.
1939 1206 1954 1209 k
2026 1163 2129 1226 Ad
2203 1163 2597 1228 audientiam
2675 1172 2978 1229 nostram.
3091 1164 3241 1229 Dat.
3313 1166 3668 1229 Beneventi

779 1273 854 1331 15
901 1267 1032 1330 kal.
1082 1266 1265 1351 april.

986 1395 1042 1450 D
1073 1393 1117 1458 f.
1145 1399 1269 1449 199¹.
1307 1427 1372 1434 --
1411 1394 1557 1451 Edd.
1597 1398 1878 1452 Bar-onius
1915 1397 2064 1451 Ama.
2102 1396 2178 1449 ad
2211 1414 2263 1451 a.
2292 1405 2415 1451 1149
2449 1413 2493 1451 c.
2518 1402 2584 1451 39
2627 1411 2694 1450 ea:
2728 1394 2839 1450 cod.
2888 1395 3007 1450 ναι.
3046 1418 3109 1440 =
3151 1396 3341 1449 Mami
3383 1396 3670 1451 XX1803

769 1499 825 1537 π.
854 1489 884 1535 9
924 1506 985 1526 =
1029 1481 1215 1550 Μέρη
1254 1480 1701 1535 CLXXXVIII
1733 1489 1857 1535 1452
1889 1498 1946 1537 n.
1973 1489 2054 1538 89.
2094 1516 2161 1523 —
2202 1483 2356 1552 Rcyy.
2391 1483 2446 1538 J.
2482 1490 2629 1539 6926.
2669 1481 2773 1535 JL.
2811 1488 2982 1537 10158.

1151 1580 1448 1640 cfi‘Clerus
1483 1586 1637 1641 urbis
1673 1585 1884 1642 Romae
1919 1604 1971 1641 n.
1998 1588 2082 1642 24.
2122 1616 2186 1626 —
2228 1588 2270 1656 ¹)
2303 1588 2500 1641 rectius
2534 1586 2593 1640 in
2630 1585 3098 1643 cambiatoribus.

1453 1914 1967 1983 nonasterium
2015 1931 2074 1982 s.
2105 1914 2372 1983 Mariae
2419 1916 2494 1982 in
2539 1916 3003 1985 nonasterio.

980 2053 1366 2111 Martinslli
1403 2074 1458 2126 p.
1483 2056 1602 2111 373.
1659 2089 1723 2095 —
1779 2056 1999 2111 Lubin
2040 2074 2093 2125 p.
2117 2055 2237 2111 339.
2294 2088 2360 2096 -
2415 2055 2740 2111 Forcella
2776 2054 2830 2108 X
2864 2054 2967 2110 335
3004 2073 3085 2123 sq.
3142 2088 3207 2095 —
3263 2054 3579 2111 Adinolfi
3615 2055 3668 2109 II

777 2142 874 2197 114
897 2160 979 2211 sq.
1005 2174 1069 2182 —
1097 2142 1468 2198 Armellini
1498 2146 1514 2176 ¹
1537 2161 1589 2212 p.
1612 2143 1737 2205 364;
1770 2146 1865 2213 ²p.
1891 2144 2010 2197 211.
2039 2176 2103 2183 —
2132 2142 2190 2197 P.
2219 2142 2473 2198 Fedele
2499 2143 2557 2197 in
2584 2142 2747 2212 Arch.
2773 2141 2923 2197 della
2940 2140 3061 2196 Soc.
3083 2141 3238 2196 Rom.
3259 2141 3446 2196 XXIX
3476 2142 3669 2211 (1906).

988 2316 1449 2382 Monasterium
1482 2317 1670 2381 valde
1703 2318 2057 2402 antiquum,
2104 2318 2296 2381 situm
2326 2338 2528 2402 prope
2562 2316 2901 2382 ecclesiam
2951 2340 2998 2381 s.
3033 2316 3215 2382 Petri
3261 2317 3343 2381 ad
3376 2318 3668 2401 Vincula,

774 2430 1146 2486 numeratur
1198 2423 1364 2487 inter
1407 2430 1661 2487 veteres
1706 2423 1836 2487 XX
1901 2422 2097 2488 Urbis
2142 2423 2466 2497 abbatias;
2524 2423 2636 2488 sed
2697 2424 2836 2486 eius
2889 2422 3071 2507 origo
3118 2422 3382 2486 incerta.
3475 2421 3671 2486 Putat

773 2524 1118 2590 Duchesne
1164 2525 1335 2611 (Lib.
1370 2525 1697 2611 pontif.11
1728 2531 1800 2590 41
1856 2535 1986 2591 not.
2022 2527 2164 2612 63),
2212 2528 2333 2592 hoc
2382 2526 2760 2591 coenobium
2810 2526 3005 2590 fuisse
3050 2527 3227 2610 prius
3271 2524 3670 2610 appellatum

773 2653 821 2692 s.
855 2631 1124 2714 Agapiti
1171 2630 1254 2694 ad
1285 2631 1561 2695 Vincula
1606 2652 1808 2716 prope
1856 2631 2189 2696 basilicam
2232 2631 2712 2711 Eudoxianam‚
2769 2632 2946 2695 cuius
2990 2631 3384 2694 mentionem
3431 2628 3673 2694 faciunt

773 2734 967 2799 Vitae
1013 2736 1251 2799 Leonis
1294 2734 1398 2798 III
1443 2734 1514 2819 (l.
1549 2757 1600 2800 c.
1650 2734 1719 2799 H
1756 2739 1851 2799 12.
1887 2736 1997 2815 24)
2045 2744 2113 2801 et
2156 2735 2468 2820 Stephani
2512 2735 2609 2800 IV
2654 2736 2724 2816 (1.
2760 2758 2812 2800 c.
2859 2733 2929 2798 II
2959 2734 3090 2820 49).
3167 2734 3479 2798 Attamen
3524 2732 3670 2798 Gri-

773 2837 1045 2919 maldus‚
1078 2845 1242 2904 teste
1272 2840 1637 2904 Martinello
1669 2839 1760 2924 (p.
1800 2839 1974 2925 373),
2007 2839 2299 2923 credidit,
2332 2841 2790 2904 monasterium
2822 2862 2871 2902 s.
2905 2839 3150 2903 Mariae
3182 2839 3247 2901 in
3277 2838 3669 2903 Monasterio

773 2962 969 3006 unum
1015 2942 1318 3028 idemque
1364 2942 1560 3007 fuisse
1608 2964 1682 3007 ac
1728 2944 2189 3007 monasterium
2238 2967 2286 3007 s.
2320 2943 2567 3008 Mariae
2614 2943 2694 3007 de
2726 2944 2990 3028 Lutara,
3039 2941 3211 3029 quod
3244 2943 3563 3006 invenitur
3606 2942 3669 3005 in

773 3045 928 3110 Vita
995 3047 1231 3111 Leonis
1277 3046 1381 3110 111
1447 3045 1820 3131 (Duchesne
1868 3046 1938 3110 II
1981 3048 2112 3130 25).
2227 3049 2592 3133 Utcumque
2664 3068 2767 3111 res
2834 3055 2964 3131 est,
3024 3049 3267 3132 primus
3326 3067 3518 3131 quem
3574 3048 3668 3110 in-

773 3151 1062 3214 venimus
1131 3149 1332 3216 abbas
1387 3152 1618 3215 Petrus
1681 3153 2089 3238 „monasterii
2148 3175 2195 3216 s.
2244 3153 2488 3216 Mariae
2546 3161 2695 3217 ante
2752 3150 3186 3216 venerabilem
3242 3150 3496 3215 titulum
3542 3152 3671 3217 Eu-

774 3253 1046 3319 doxiae“
1107 3255 1381 3318 occurrit
1440 3257 1502 3318 in
1556 3256 1891 3321 Benedicti
1938 3255 2103 3320 VIII
2158 3257 2396 3340 placito
2456 3279 2513 3321 a.
2562 3261 2724 3321 1014
2773 3254 2903 3338 (ed.
2952 3253 3223 3320 Galletti
3277 3254 3405 3320 Del
3449 3257 3669 3340 primi-

774 3379 921 3423 cero
968 3380 1029 3442 p.
1078 3362 1203 3423 245
1251 3380 1310 3422 n.
1354 3358 1485 3443 30).
1602 3360 2064 3424 Monasterium
2119 3359 2200 3423 ab
2260 3359 2550 3424 Honorio
2598 3358 2701 3423 III
2763 3380 2821 3422 a.
2867 3361 3031 3422 1219
3086 3378 3229 3422 nov,
3277 3362 3354 3423 19
3400 3358 3671 3423 Nicolao

774 3462 1078 3548 episcopo
1134 3462 1497 3527 Tusculano
1555 3464 1819 3548 eiusque
1881 3463 2381 3546 successoribus,
2451 3464 2601 3548 quia
2670 3461 3106 3527 habitaculum
3174 3462 3238 3525 in
3299 3461 3476 3527 Urbe
3546 3484 3672 3527 non

773 3564 1115 3630 habuerint
1181 3566 1492 3631 hactenus
1560 3576 1972 3652 oportunum,
2034 3566 2404 3632 conceditur
2487 3566 2819 3649 (Potthast
2882 3564 3045 3649 Reg.
3097 3567 3297 3641 6162;
3352 3566 3669 3631 Pressutti

771 3667 936 3754 Reg.
970 3668 1242 3734 Honorii
1273 3669 1378 3734 ῙΠ
1409 3678 1452 3734 t.
1486 3670 1518 3733 I
1552 3674 1675 3736 375
1708 3693 1767 3734 n.
1803 3669 2022 3757 2261),
2070 3671 2304 3736 deinde
2335 3692 2377 3735 a
2407 3670 2683 3735 Mar-tino
2716 3670 2776 3734 V
2808 3669 3139 3734 monachis
3185 3669 3320 3733 ord.
3355 3692 3405 3734 s.
3432 3669 3669 3735 Hiero-

772 3773 947 3855 nymi
1002 3773 1068 3836 in
1128 3774 1403 3838 ecclesia
1448 3797 1496 3838 s.
1540 3774 1718 3838 Petri
1763 3775 1845 3839 ad
1899 3774 2174 3840 Vincula
2238 3783 2385 3840 tunc
2439 3772 2821 3859 degentibus
2876 3772 3164 3837 traditur.
3274 3771 3457 3838 Saec.
3509 3773 3671 3838 XVI

772 3876 908 3940 solo
957 3884 1290 3961 aequatur.

987 4065 1090 4129 De
1136 4066 1338 4130 veteri
1385 4065 1755 4129 monasterii
1800 4065 1987 4130 huius
2034 4065 2294 4132 archivo
2340 4065 2498 4130 nihil
2557 4067 2822 4150 scimus,
2877 4066 3030 4131 licet
3086 4069 3149 4130 in
3206 4088 3284 4131 eo
3332 4088 3502 4132 saec.
3536 4067 3667 4132 XII

775 4191 877 4234 ex,
934 4168 1207 4234 Oeneius
1271 4170 1659 4235 camerarius
1724 4170 1966 4233 invenit
2029 4169 2337 4234 Iohannis
2389 4169 2558 4234 XIII
2612 4170 2851 4235 bullam
2914 4170 3306 4256 Stephaniae
3369 4174 3664 4237 senatrici

774 4295 831 4338 a.
867 4277 993 4338 970
1040 4294 1406 4339 concessam
1454 4272 1602 4358 (JL.
1638 4272 1835 4358 3742)
1872 4281 2232 4358 „sumptam
2266 4274 2347 4339 de
2380 4274 2598 4338 thomo
2635 4275 2960 4339 carticinio
2993 4275 3277 4340 bullato“
3312 4274 3484 4361 (Lib.
3520 4298 3666 4342 cen-

772 4397 955 4440 suum
1015 4375 1078 4440 S.
1120 4375 1199 4441 R.
1246 4376 1320 4440 Ε.
1377 4377 1479 4441 ed.
1527 4377 1739 4441 Fabre
1759 4377 2141 4443 -Duchesne
2188 4378 2221 4441 I
2262 4379 2450 4464 406),
2511 4400 2594 4443 ex
2649 4401 2776 4464 quo
2832 4378 3105 4443 fortasse
3161 4380 3379 4466 colligi
3431 4389 3665 4465 potest,

774 4483 1235 4546 monasterium
1282 4482 1433 4545 olim
1481 4483 1544 4545 in
1576 4483 1960 4566 patrimonio
1993 4482 2226 4547 nobilis
2257 4483 2542 4548 familiae
2576 4483 3079 4549 Tusculanorum
3114 4486 3419 4548 comitum
3451 4485 3665 4549 fuisse.

776 4585 1103 4651 Nonnulla
1146 4607 1299 4652 vero
1347 4585 1761 4668 documenta,
1810 4587 2195 4651 recentioria
2240 4594 2490 4672 tamen,
2538 4588 2946 4653 inveniuntur
2990 4590 3055 4653 in
3099 4588 3358 4653 archivo
3405 4590 3667 4654 canoni-

777 4711 994 4754 corum
1040 4690 1573 4756 Lateranensium
1619 4691 1959 4756 ecclesiam
2007 4715 2055 4754 s.
2076 4691 2269 4755 Petri
2317 4690 2401 4755 ad
2432 4691 2709 4756 Vincula
2753 4713 2920 4757 nunc
2965 4691 3568 4758 administrantium.

770 4880 850 4944 *1
3133 4880 3584 4965 (1033-482)

771 4983 1253 5050 Benedictus
1298 4984 1426 5067 (IX
1444 4985 1502 5071 ἲ)
1548 4984 1846 5050 concedit
1872 4984 2298 5068 privilegium,
2348 5004 2473 5069 quo
2521 5003 2743 5047 omnes
2789 5005 2911 5068 res,
2959 5006 3120 5071 quas
3165 5006 3335 5049 mon.
3384 4984 3667 5050 habebat

771 5089 837 5152 in
882 5086 1078 5154 Gurte
1125 5090 1348 5170 veteri,
1395 5089 1746 5154 confirmat.

984 5216 1165 5273 Laud.
1202 5219 1264 5270 in
1298 5235 1353 5274 n.
1379 5223 1428 5272 3.
1470 5249 1531 5256 —
1573 5216 1702 5287 Ray.
1729 5217 1836 5271 JL.
1877 5249 1957 5272 ——.
