<?xml version="1.0" encoding="UTF-8"?>
<!DOCTYPE html PUBLIC "-//W3C//DTD XHTML 1.0 Transitional//EN"
    "http://www.w3.org/TR/xhtml1/DTD/xhtml1-transitional.dtd">
<html xmlns="http://www.w3.org/1999/xhtml" xml:lang="en" lang="en">
 <head>
  <title>
</title>
<meta http-equiv="Content-Type" content="text/html;charset=utf-8" />
  <meta name='ocr-system' content='tesseract 3.04.00' />
  <meta name='ocr-capabilities' content='ocr_page ocr_carea ocr_par ocr_line ocrx_word'/>
</head>
<body>
  <div class='ocr_page' id='page_1' title='image "./italiapontifici00kehrgoog_0181.png"; bbox 0 0 4065 6049; ppageno 0'>
   <div class='ocr_carea' id='block_1_1' title="bbox 1013 466 3307 539">
    <p class='ocr_par' dir='ltr' id='par_1_1' title="bbox 1013 466 3307 539">
     <span class='ocr_line' id='line_1_1' title="bbox 1013 466 3307 539; baseline -0.001 -17"><span class='ocrx_word' id='word_1_1' title='bbox 1013 467 1157 522; x_wconf 89' lang='lat' dir='ltr'>Mon.</span> <span class='ocrx_word' id='word_1_2' title='bbox 1195 486 1236 522; x_wconf 81' lang='lat'>8.</span> <span class='ocrx_word' id='word_1_3' title='bbox 1263 466 1536 536; x_wconf 79' lang='lat' dir='ltr'><strong>Stephani</strong></span> <span class='ocrx_word' id='word_1_4' title='bbox 1572 466 1801 521; x_wconf 87' lang='lat' dir='ltr'>minoris</span> <span class='ocrx_word' id='word_1_5' title='bbox 1837 497 1904 506; x_wconf 95' lang='lat'>—</span> <span class='ocrx_word' id='word_1_6' title='bbox 1941 466 2362 521; x_wconf 83' lang='lat' dir='ltr'><strong>Xenodochium</strong></span> <span class='ocrx_word' id='word_1_7' title='bbox 2398 486 2441 522; x_wconf 77' lang='grc' dir='ltr'>ε.</span> <span class='ocrx_word' id='word_1_8' title='bbox 2466 466 2735 539; x_wconf 81' lang='lat' dir='ltr'>Gregorii.</span> <span class='ocrx_word' id='word_1_9' title='bbox 3188 475 3307 534; x_wconf 83' lang='lat'>149</span> 
     </span>
    </p>
   </div>
   <div class='ocr_carea' id='block_1_2' title="bbox 942 690 2786 776">
    <p class='ocr_par' dir='ltr' id='par_1_2' title="bbox 942 690 2786 776">
     <span class='ocr_line' id='line_1_2' title="bbox 942 690 2786 776; baseline 0.001 -18"><span class='ocrx_word' id='word_1_10' title='bbox 942 692 1288 759; x_wconf 77' lang='lat' dir='ltr'>maeonia</span> <span class='ocrx_word' id='word_1_11' title='bbox 1332 710 1428 759; x_wconf 89' lang='lat' dir='ltr'>ss.</span> <span class='ocrx_word' id='word_1_12' title='bbox 1460 690 1698 775; x_wconf 83' lang='lat' dir='ltr'>Sergii</span> <span class='ocrx_word' id='word_1_13' title='bbox 1742 692 1819 758; x_wconf 88' lang='lat' dir='ltr'>et</span> <span class='ocrx_word' id='word_1_14' title='bbox 1863 690 2085 758; x_wconf 85' lang='lat' dir='ltr'>Bachi</span> <span class='ocrx_word' id='word_1_15' title='bbox 2130 691 2314 776; x_wconf 79' lang='lat' dir='ltr'>apud</span> <span class='ocrx_word' id='word_1_16' title='bbox 2363 693 2430 759; x_wconf 85' lang='lat' dir='ltr'>b.</span> <span class='ocrx_word' id='word_1_17' title='bbox 2462 693 2786 760; x_wconf 87' lang='lat' dir='ltr'>Petrum.</span> 
     </span>
    </p>
   </div>
   <div class='ocr_carea' id='block_1_3' title="bbox 423 833 3305 1126">
    <p class='ocr_par' dir='ltr' id='par_1_3' title="bbox 423 833 3305 1126">
     <span class='ocr_line' id='line_1_3' title="bbox 637 833 3305 920; baseline 0.001 -22"><span class='ocrx_word' id='word_1_18' title='bbox 637 835 737 898; x_wconf 92' lang='lat' dir='ltr'>De</span> <span class='ocrx_word' id='word_1_19' title='bbox 784 836 905 899; x_wconf 90' lang='lat' dir='ltr'>hae</span> <span class='ocrx_word' id='word_1_20' title='bbox 960 835 1282 917; x_wconf 90' lang='lat' dir='ltr'>diaconia,</span> <span class='ocrx_word' id='word_1_21' title='bbox 1330 857 1370 898; x_wconf 88' lang='lat' dir='ltr'>a</span> <span class='ocrx_word' id='word_1_22' title='bbox 1415 833 1730 918; x_wconf 80' lang='lat' dir='ltr'>Gregorio</span> <span class='ocrx_word' id='word_1_23' title='bbox 1777 833 1881 896; x_wconf 94' lang='lat' dir='ltr'>III</span> <span class='ocrx_word' id='word_1_24' title='bbox 1948 833 2237 915; x_wconf 89' lang='lat' dir='ltr'>condita,</span> <span class='ocrx_word' id='word_1_25' title='bbox 2303 835 2457 899; x_wconf 89' lang='lat' dir='ltr'><strong>nihil</strong></span> <span class='ocrx_word' id='word_1_26' title='bbox 2504 834 2677 899; x_wconf 90' lang='lat' dir='ltr'>aliud</span> <span class='ocrx_word' id='word_1_27' title='bbox 2756 837 3047 898; x_wconf 89' lang='lat' dir='ltr'>novimus</span> <span class='ocrx_word' id='word_1_28' title='bbox 3114 858 3305 920; x_wconf 91' lang='lat' dir='ltr'>quam</span> 
     </span>
     <span class='ocr_line' id='line_1_4' title="bbox 423 938 3304 1025; baseline 0 -23"><span class='ocrx_word' id='word_1_29' title='bbox 423 941 734 1021; x_wconf 80' lang='lat' dir='ltr'>notitiam,</span> <span class='ocrx_word' id='word_1_30' title='bbox 769 962 933 1024; x_wconf 86' lang='lat' dir='ltr'>quae</span> <span class='ocrx_word' id='word_1_31' title='bbox 968 941 1255 1024; x_wconf 87' lang='lat' dir='ltr'>sequitur</span> <span class='ocrx_word' id='word_1_32' title='bbox 1296 938 1402 1023; x_wconf 90' lang='lat' dir='ltr'>(cf.</span> <span class='ocrx_word' id='word_1_33' title='bbox 1437 939 1776 1002; x_wconf 89' lang='lat' dir='ltr'>Armellini</span> <span class='ocrx_word' id='word_1_34' title='bbox 1830 939 1851 978; x_wconf 83' lang='lat'><em>²</em></span> <span class='ocrx_word' id='word_1_35' title='bbox 1875 960 1935 1023; x_wconf 91' lang='lat' dir='ltr'>p.</span> <span class='ocrx_word' id='word_1_36' title='bbox 1972 943 2129 1014; x_wconf 85' lang='grc'><strong>610;</strong></span> <span class='ocrx_word' id='word_1_37' title='bbox 2181 940 2208 978; x_wconf 77' lang='lat'>²</span> <span class='ocrx_word' id='word_1_38' title='bbox 2232 962 2291 1024; x_wconf 89' lang='lat' dir='ltr'>p.</span> <span class='ocrx_word' id='word_1_39' title='bbox 2330 944 2482 1016; x_wconf 81' lang='lat'>745;</span> <span class='ocrx_word' id='word_1_40' title='bbox 2529 940 2872 1005; x_wconf 91' lang='lat' dir='ltr'>Duehesne</span> <span class='ocrx_word' id='word_1_41' title='bbox 2904 939 3045 1004; x_wconf 90' lang='lat' dir='ltr'>Lib.</span> <span class='ocrx_word' id='word_1_42' title='bbox 3079 941 3304 1025; x_wconf 90' lang='lat' dir='ltr'>pontif.</span> 
     </span>
     <span class='ocr_line' id='line_1_5' title="bbox 426 1043 975 1126; baseline 0.004 -21"><span class='ocrx_word' id='word_1_43' title='bbox 426 1044 456 1105; x_wconf 90' lang='grc' dir='ltr'>Ι</span> <span class='ocrx_word' id='word_1_44' title='bbox 504 1048 627 1107; x_wconf 76' lang='lat'>424</span> <span class='ocrx_word' id='word_1_45' title='bbox 677 1051 807 1108; x_wconf 88' lang='lat' dir='ltr'>not.</span> <span class='ocrx_word' id='word_1_46' title='bbox 843 1043 975 1126; x_wconf 83' lang='lat'>25).</span> 
     </span>
    </p>
   </div>
   <div class='ocr_carea' id='block_1_4' title="bbox 421 1182 3308 1582">
    <p class='ocr_par' dir='ltr' id='par_1_4' title="bbox 421 1182 3191 1249">
     <span class='ocr_line' id='line_1_6' title="bbox 421 1182 3191 1249; baseline 0.001 -5"><span class='ocrx_word' id='word_1_47' title='bbox 421 1182 500 1244; x_wconf 74' lang='lat'>*1</span> <span class='ocrx_word' id='word_1_48' title='bbox 2897 1188 3191 1249; x_wconf 79' lang='lat'><strong><em>731—41</em></strong></span> 
     </span>
    </p>

    <p class='ocr_par' dir='ltr' id='par_1_5' title="bbox 422 1185 3308 1582">
     <span class='ocr_line' id='line_1_7' title="bbox 422 1185 3308 1375; baseline 0.001 -25"><span class='ocrx_word' id='word_1_49' title='bbox 422 1286 840 1371; x_wconf 79' lang='lat' dir='ltr'>Gregorius</span> <span class='ocrx_word' id='word_1_50' title='bbox 884 1287 988 1350; x_wconf 91' lang='lat' dir='ltr'>III</span> <span class='ocrx_word' id='word_1_51' title='bbox 1039 1287 1436 1371; x_wconf 77' lang='lat' dir='ltr'>„diaconiam</span> <span class='ocrx_word' id='word_1_52' title='bbox 1484 1310 1565 1351; x_wconf 94' lang='lat' dir='ltr'>ss.</span> <span class='ocrx_word' id='word_1_53' title='bbox 1599 1287 1806 1371; x_wconf 83' lang='lat' dir='ltr'>Sergii</span> <span class='ocrx_word' id='word_1_54' title='bbox 1856 1295 1922 1352; x_wconf 92' lang='lat' dir='ltr'>et</span> <span class='ocrx_word' id='word_1_55' title='bbox 1951 1287 2153 1352; x_wconf 90' lang='lat' dir='ltr'>Bachi</span> <span class='ocrx_word' id='word_1_56' title='bbox 2188 1289 2376 1351; x_wconf 90' lang='lat' dir='ltr'>sitam</span> <span class='ocrx_word' id='word_1_57' title='bbox 2423 1287 2505 1352; x_wconf 91' lang='lat' dir='ltr'>ad</span> <span class='ocrx_word' id='word_1_58' title='bbox 2552 1288 2614 1354; x_wconf 92' lang='lat' dir='ltr'>b.</span> <span class='ocrx_word' id='word_1_59' title='bbox 2655 1185 2919 1354; x_wconf 77' lang='lat' dir='ltr'>Petru1(n</span> <span class='ocrx_word' id='word_1_60' title='bbox 2968 1186 3218 1375; x_wconf 74' lang='lat' dir='ltr'>apost.,)</span> <span class='ocrx_word' id='word_1_61' title='bbox 3243 1291 3308 1353; x_wconf 87' lang='lat' dir='ltr'>iu</span> 
     </span>
     <span class='ocr_line' id='line_1_8' title="bbox 423 1391 3305 1477; baseline 0.001 -23"><span class='ocrx_word' id='word_1_62' title='bbox 423 1413 549 1477; x_wconf 84' lang='lat' dir='ltr'>qua</span> <span class='ocrx_word' id='word_1_63' title='bbox 594 1392 843 1476; x_wconf 84' lang='lat' dir='ltr'>pridem</span> <span class='ocrx_word' id='word_1_64' title='bbox 890 1413 1158 1475; x_wconf 89' lang='lat' dir='ltr'>parvum</span> <span class='ocrx_word' id='word_1_65' title='bbox 1205 1392 1552 1455; x_wconf 88' lang='lat' dir='ltr'>oratorium</span> <span class='ocrx_word' id='word_1_66' title='bbox 1601 1398 1757 1469; x_wconf 85' lang='lat' dir='ltr'>erat,</span> <span class='ocrx_word' id='word_1_67' title='bbox 1806 1414 1844 1455; x_wconf 89' lang='lat' dir='ltr'>a</span> <span class='ocrx_word' id='word_1_68' title='bbox 1891 1391 2323 1455; x_wconf 80' lang='lat' dir='ltr'>fundamentis</span> <span class='ocrx_word' id='word_1_69' title='bbox 2369 1392 2665 1477; x_wconf 89' lang='lat' dir='ltr'>ampliori</span> <span class='ocrx_word' id='word_1_70' title='bbox 2711 1393 2953 1457; x_wconf 89' lang='lat' dir='ltr'>fabrica</span> <span class='ocrx_word' id='word_1_71' title='bbox 2985 1394 3305 1469; x_wconf 85' lang='lat' dir='ltr'>dilatavit;</span> 
     </span>
     <span class='ocr_line' id='line_1_9' title="bbox 426 1496 3305 1582; baseline 0.001 -23"><span class='ocrx_word' id='word_1_72' title='bbox 426 1502 492 1559; x_wconf 89' lang='lat' dir='ltr'>et</span> <span class='ocrx_word' id='word_1_73' title='bbox 546 1496 904 1560; x_wconf 79' lang='lat' dir='ltr'>concedens</span> <span class='ocrx_word' id='word_1_74' title='bbox 961 1497 1202 1579; x_wconf 89' lang='lat' dir='ltr'>omnia,</span> <span class='ocrx_word' id='word_1_75' title='bbox 1250 1517 1416 1579; x_wconf 92' lang='lat' dir='ltr'>quae</span> <span class='ocrx_word' id='word_1_76' title='bbox 1461 1497 1526 1559; x_wconf 91' lang='lat' dir='ltr'>in</span> <span class='ocrx_word' id='word_1_77' title='bbox 1573 1518 1689 1560; x_wconf 92' lang='lat' dir='ltr'>usu</span> <span class='ocrx_word' id='word_1_78' title='bbox 1736 1496 2068 1560; x_wconf 82' lang='lat' dir='ltr'>diaconiae</span> <span class='ocrx_word' id='word_1_79' title='bbox 2116 1498 2459 1579; x_wconf 88' lang='lat' dir='ltr'>exsistunt,</span> <span class='ocrx_word' id='word_1_80' title='bbox 2507 1499 2729 1562; x_wconf 89' lang='lat' dir='ltr'>statuit</span> <span class='ocrx_word' id='word_1_81' title='bbox 2782 1504 3094 1582; x_wconf 89' lang='lat' dir='ltr'>perpetuo</span> <span class='ocrx_word' id='word_1_82' title='bbox 3142 1504 3305 1562; x_wconf 89' lang='lat' dir='ltr'>tem-</span> 
     </span>
    </p>
   </div>
   <div class='ocr_carea' id='block_1_5' title="bbox 424 1600 3122 1774">
    <p class='ocr_par' dir='ltr' id='par_1_6' title="bbox 424 1600 3122 1774">
     <span class='ocr_line' id='line_1_10' title="bbox 424 1600 2978 1684; baseline 0.002 -24"><span class='ocrx_word' id='word_1_83' title='bbox 424 1619 581 1683; x_wconf 87' lang='lat' dir='ltr'>pore</span> <span class='ocrx_word' id='word_1_84' title='bbox 629 1621 745 1683; x_wconf 96' lang='lat' dir='ltr'>pro</span> <span class='ocrx_word' id='word_1_85' title='bbox 792 1601 1253 1664; x_wconf 82' lang='lat' dir='ltr'>sustentatione</span> <span class='ocrx_word' id='word_1_86' title='bbox 1301 1622 1656 1684; x_wconf 88' lang='lat' dir='ltr'>pauperum</span> <span class='ocrx_word' id='word_1_87' title='bbox 1702 1602 1767 1663; x_wconf 91' lang='lat' dir='ltr'>in</span> <span class='ocrx_word' id='word_1_88' title='bbox 1813 1600 2147 1663; x_wconf 89' lang='lat' dir='ltr'>diaconiae</span> <span class='ocrx_word' id='word_1_89' title='bbox 2193 1602 2545 1664; x_wconf 88' lang='lat' dir='ltr'>ministerio</span> <span class='ocrx_word' id='word_1_90' title='bbox 2593 1601 2978 1667; x_wconf 86' lang='lat' dir='ltr'>deservire“.</span> 
     </span>
     <span class='ocr_line' id='line_1_11' title="bbox 628 1701 3122 1774; baseline 0.002 -19"><span class='ocrx_word' id='word_1_91' title='bbox 628 1701 814 1755; x_wconf 71' lang='lat' dir='ltr'>Laud.</span> <span class='ocrx_word' id='word_1_92' title='bbox 851 1702 913 1754; x_wconf 79' lang='lat' dir='ltr'>in</span> <span class='ocrx_word' id='word_1_93' title='bbox 945 1701 1071 1755; x_wconf 79' lang='lat' dir='ltr'>Vita</span> <span class='ocrx_word' id='word_1_94' title='bbox 1113 1703 1364 1770; x_wconf 72' lang='lat' dir='ltr'>Greyorii</span> <span class='ocrx_word' id='word_1_95' title='bbox 1400 1703 1506 1756; x_wconf 85' lang='lat'>111</span> <span class='ocrx_word' id='word_1_96' title='bbox 1532 1702 1677 1771; x_wconf 74' lang='lat' dir='ltr'>(Lib.</span> <span class='ocrx_word' id='word_1_97' title='bbox 1707 1702 1912 1770; x_wconf 77' lang='lat' dir='ltr'>pontif.</span> <span class='ocrx_word' id='word_1_98' title='bbox 1948 1702 2026 1757; x_wconf 76' lang='lat' dir='ltr'>cd.</span> <span class='ocrx_word' id='word_1_99' title='bbox 2057 1702 2337 1757; x_wconf 70' lang='lat' dir='ltr'>Dwdoesne</span> <span class='ocrx_word' id='word_1_100' title='bbox 2376 1703 2415 1756; x_wconf 92' lang='lat' dir='ltr'><strong><em>I</em></strong></span> <span class='ocrx_word' id='word_1_101' title='bbox 2440 1704 2583 1770; x_wconf 84' lang='grc'><em>420).</em></span> <span class='ocrx_word' id='word_1_102' title='bbox 2623 1734 2686 1743; x_wconf 89' lang='lat'>-</span> <span class='ocrx_word' id='word_1_103' title='bbox 2727 1705 2851 1774; x_wconf 63' lang='lat' dir='ltr'>Ray.</span> <span class='ocrx_word' id='word_1_104' title='bbox 2888 1703 3003 1758; x_wconf 83' lang='lat' dir='ltr'>JE.</span> <span class='ocrx_word' id='word_1_105' title='bbox 3043 1734 3122 1758; x_wconf 86' lang='lat'>-.</span> 
     </span>
    </p>
   </div>
   <div class='ocr_carea' id='block_1_6' title="bbox 887 1908 2853 1995">
    <p class='ocr_par' dir='ltr' id='par_1_7' title="bbox 887 1908 2853 1995">
     <span class='ocr_line' id='line_1_12' title="bbox 887 1908 2853 1995; baseline 0.001 -18"><span class='ocrx_word' id='word_1_106' title='bbox 887 1908 1430 1979; x_wconf 81' lang='lat' dir='ltr'>Xenodochium</span> <span class='ocrx_word' id='word_1_107' title='bbox 1477 1928 1534 1978; x_wconf 90' lang='lat' dir='ltr'>s.</span> <span class='ocrx_word' id='word_1_108' title='bbox 1568 1910 1909 1995; x_wconf 81' lang='lat' dir='ltr'>Gregorii</span> <span class='ocrx_word' id='word_1_109' title='bbox 1954 1911 2164 1977; x_wconf 82' lang='lat' dir='ltr'>iuxta</span> <span class='ocrx_word' id='word_1_110' title='bbox 2207 1909 2474 1993; x_wconf 80' lang='lat' dir='ltr'>gradus</span> <span class='ocrx_word' id='word_1_111' title='bbox 2525 1911 2593 1977; x_wconf 85' lang='lat' dir='ltr'>b.</span> <span class='ocrx_word' id='word_1_112' title='bbox 2623 1910 2853 1979; x_wconf 87' lang='lat' dir='ltr'>Petri.</span> 
     </span>
    </p>
   </div>
   <div class='ocr_carea' id='block_1_7' title="bbox 421 2049 3307 2760">
    <p class='ocr_par' dir='ltr' id='par_1_8' title="bbox 421 2049 3307 2760">
     <span class='ocr_line' id='line_1_13' title="bbox 637 2049 3304 2136; baseline -0 -23"><span class='ocrx_word' id='word_1_113' title='bbox 637 2050 1133 2115; x_wconf 87' lang='lat' dir='ltr'>Xenodochium</span> <span class='ocrx_word' id='word_1_114' title='bbox 1196 2075 1244 2115; x_wconf 92' lang='lat' dir='ltr'>s.</span> <span class='ocrx_word' id='word_1_115' title='bbox 1291 2051 1610 2136; x_wconf 82' lang='lat' dir='ltr'>Gregorii,</span> <span class='ocrx_word' id='word_1_116' title='bbox 1675 2052 2009 2116; x_wconf 89' lang='lat' dir='ltr'>fundatum</span> <span class='ocrx_word' id='word_1_117' title='bbox 2077 2051 2158 2115; x_wconf 87' lang='lat' dir='ltr'>ab</span> <span class='ocrx_word' id='word_1_118' title='bbox 2228 2052 2366 2135; x_wconf 91' lang='lat' dir='ltr'>ipso</span> <span class='ocrx_word' id='word_1_119' title='bbox 2434 2050 2495 2114; x_wconf 92' lang='lat' dir='ltr'>b.</span> <span class='ocrx_word' id='word_1_120' title='bbox 2544 2050 2861 2136; x_wconf 90' lang='lat' dir='ltr'>Gregorio</span> <span class='ocrx_word' id='word_1_121' title='bbox 2909 2051 2996 2136; x_wconf 91' lang='lat' dir='ltr'>(n.</span> <span class='ocrx_word' id='word_1_122' title='bbox 3040 2050 3130 2135; x_wconf 82' lang='grc'>1),</span> <span class='ocrx_word' id='word_1_123' title='bbox 3198 2049 3304 2113; x_wconf 92' lang='lat' dir='ltr'>ubi</span> 
     </span>
     <span class='ocr_line' id='line_1_14' title="bbox 421 2154 3306 2239; baseline 0.001 -24"><span class='ocrx_word' id='word_1_124' title='bbox 421 2155 704 2218; x_wconf 89' lang='lat' dir='ltr'>scholam</span> <span class='ocrx_word' id='word_1_125' title='bbox 739 2162 1068 2219; x_wconf 86' lang='lat' dir='ltr'>cantorum</span> <span class='ocrx_word' id='word_1_126' title='bbox 1102 2156 1390 2233; x_wconf 86' lang='lat' dir='ltr'>instituit,</span> <span class='ocrx_word' id='word_1_127' title='bbox 1424 2163 1651 2238; x_wconf 90' lang='lat' dir='ltr'>postea</span> <span class='ocrx_word' id='word_1_128' title='bbox 1681 2154 2130 2219; x_wconf 88' lang='lat' dir='ltr'>nominabatur</span> <span class='ocrx_word' id='word_1_129' title='bbox 2160 2154 2332 2218; x_wconf 88' lang='lat' dir='ltr'>Eccl.</span> <span class='ocrx_word' id='word_1_130' title='bbox 2376 2178 2424 2218; x_wconf 91' lang='lat' dir='ltr'>s.</span> <span class='ocrx_word' id='word_1_131' title='bbox 2459 2154 2754 2239; x_wconf 91' lang='lat' dir='ltr'>Gregorii</span> <span class='ocrx_word' id='word_1_132' title='bbox 2808 2155 2928 2239; x_wconf 86' lang='lat' dir='ltr'>„de</span> <span class='ocrx_word' id='word_1_133' title='bbox 2974 2176 3127 2219; x_wconf 89' lang='lat' dir='ltr'>area</span> <span class='ocrx_word' id='word_1_134' title='bbox 3172 2156 3306 2217; x_wconf 84' lang='lat' dir='ltr'>sive</span> 
     </span>
     <span class='ocr_line' id='line_1_15' title="bbox 422 2257 3307 2344; baseline -0.001 -22"><span class='ocrx_word' id='word_1_135' title='bbox 422 2262 482 2322; x_wconf 91' lang='lat' dir='ltr'>in</span> <span class='ocrx_word' id='word_1_136' title='bbox 530 2259 748 2344; x_wconf 84' lang='lat' dir='ltr'>platea</span> <span class='ocrx_word' id='word_1_137' title='bbox 794 2261 925 2323; x_wconf 89' lang='lat' dir='ltr'>sive</span> <span class='ocrx_word' id='word_1_138' title='bbox 960 2260 1472 2324; x_wconf 79' lang='lat' dir='ltr'>Armeniorum“.</span> <span class='ocrx_word' id='word_1_139' title='bbox 1564 2259 1896 2324; x_wconf 87' lang='lat' dir='ltr'>Laudatur</span> <span class='ocrx_word' id='word_1_140' title='bbox 1941 2281 2196 2344; x_wconf 90' lang='lat' dir='ltr'>quoque</span> <span class='ocrx_word' id='word_1_141' title='bbox 2244 2261 2307 2322; x_wconf 90' lang='lat' dir='ltr'>in</span> <span class='ocrx_word' id='word_1_142' title='bbox 2340 2259 2491 2323; x_wconf 83' lang='lat' dir='ltr'>Vita</span> <span class='ocrx_word' id='word_1_143' title='bbox 2536 2258 2846 2343; x_wconf 86' lang='lat' dir='ltr'>Stephani</span> <span class='ocrx_word' id='word_1_144' title='bbox 2880 2259 2958 2341; x_wconf 89' lang='lat' dir='ltr'>V,</span> <span class='ocrx_word' id='word_1_145' title='bbox 3008 2260 3113 2343; x_wconf 93' lang='lat' dir='ltr'>qui</span> <span class='ocrx_word' id='word_1_146' title='bbox 3161 2257 3307 2321; x_wconf 89' lang='lat' dir='ltr'>huic</span> 
     </span>
     <span class='ocr_line' id='line_1_16' title="bbox 424 2356 3306 2448; baseline -0 -22"><span class='ocrx_word' id='word_1_147' title='bbox 424 2362 639 2427; x_wconf 91' lang='lat' dir='ltr'>domui</span> <span class='ocrx_word' id='word_1_148' title='bbox 685 2364 987 2448; x_wconf 87' lang='lat' dir='ltr'>hospitali</span> <span class='ocrx_word' id='word_1_149' title='bbox 1045 2363 1105 2427; x_wconf 92' lang='lat' dir='ltr'>b.</span> <span class='ocrx_word' id='word_1_150' title='bbox 1141 2362 1437 2448; x_wconf 88' lang='lat' dir='ltr'>Gregorii</span> <span class='ocrx_word' id='word_1_151' title='bbox 1498 2366 1562 2427; x_wconf 95' lang='lat' dir='ltr'>in</span> <span class='ocrx_word' id='word_1_152' title='bbox 1608 2365 1856 2447; x_wconf 91' lang='lat' dir='ltr'>porticu</span> <span class='ocrx_word' id='word_1_153' title='bbox 1911 2362 1972 2427; x_wconf 92' lang='lat' dir='ltr'>b.</span> <span class='ocrx_word' id='word_1_154' title='bbox 2007 2363 2185 2428; x_wconf 90' lang='lat' dir='ltr'>Petri</span> <span class='ocrx_word' id='word_1_155' title='bbox 2250 2362 2481 2427; x_wconf 92' lang='lat' dir='ltr'>librum</span> <span class='ocrx_word' id='word_1_156' title='bbox 2529 2384 2895 2427; x_wconf 89' lang='lat' dir='ltr'>sermonum</span> <span class='ocrx_word' id='word_1_157' title='bbox 2942 2356 3306 2427; x_wconf 84' lang='lat' dir='ltr'>sanctoru&#39;m</span> 
     </span>
     <span class='ocr_line' id='line_1_17' title="bbox 422 2466 3305 2552; baseline -0 -23"><span class='ocrx_word' id='word_1_158' title='bbox 422 2467 684 2531; x_wconf 87' lang='lat' dir='ltr'>donavit</span> <span class='ocrx_word' id='word_1_159' title='bbox 728 2467 896 2550; x_wconf 89' lang='lat' dir='ltr'>(Lib.</span> <span class='ocrx_word' id='word_1_160' title='bbox 947 2468 1171 2552; x_wconf 90' lang='lat' dir='ltr'>pontif.</span> <span class='ocrx_word' id='word_1_161' title='bbox 1221 2468 1320 2533; x_wconf 92' lang='lat' dir='ltr'>ed.</span> <span class='ocrx_word' id='word_1_162' title='bbox 1368 2468 1709 2532; x_wconf 88' lang='lat' dir='ltr'>Duchesne</span> <span class='ocrx_word' id='word_1_163' title='bbox 1756 2467 1824 2531; x_wconf 95' lang='lat' dir='ltr'>II</span> <span class='ocrx_word' id='word_1_164' title='bbox 1879 2468 2046 2549; x_wconf 83' lang='lat'>195).</span> <span class='ocrx_word' id='word_1_165' title='bbox 2151 2466 2252 2532; x_wconf 93' lang='lat' dir='ltr'>De</span> <span class='ocrx_word' id='word_1_166' title='bbox 2308 2466 2429 2530; x_wconf 90' lang='lat' dir='ltr'>hac</span> <span class='ocrx_word' id='word_1_167' title='bbox 2476 2467 2749 2531; x_wconf 90' lang='lat' dir='ltr'>ecelesia</span> <span class='ocrx_word' id='word_1_168' title='bbox 2795 2467 2874 2530; x_wconf 90' lang='lat' dir='ltr'>cf.</span> <span class='ocrx_word' id='word_1_169' title='bbox 2925 2466 3305 2531; x_wconf 85' lang='lat' dir='ltr'>Cancellieri</span> 
     </span>
     <span class='ocr_line' id='line_1_18' title="bbox 422 2570 3307 2656; baseline 0 -23"><span class='ocrx_word' id='word_1_170' title='bbox 422 2570 522 2634; x_wconf 90' lang='lat' dir='ltr'>De</span> <span class='ocrx_word' id='word_1_171' title='bbox 557 2573 917 2636; x_wconf 85' lang='lat' dir='ltr'>secretariis</span> <span class='ocrx_word' id='word_1_172' title='bbox 948 2572 1017 2635; x_wconf 95' lang='lat' dir='ltr'>II</span> <span class='ocrx_word' id='word_1_173' title='bbox 1052 2576 1174 2635; x_wconf 85' lang='lat'>727</span> <span class='ocrx_word' id='word_1_174' title='bbox 1196 2594 1328 2656; x_wconf 88' lang='lat' dir='ltr'>sq.;</span> <span class='ocrx_word' id='word_1_175' title='bbox 1375 2572 1714 2635; x_wconf 91' lang='lat' dir='ltr'>Armellini</span> <span class='ocrx_word' id='word_1_176' title='bbox 1767 2571 1788 2610; x_wconf 83' lang='lat'><em>²</em></span> <span class='ocrx_word' id='word_1_177' title='bbox 1814 2592 1875 2655; x_wconf 91' lang='lat' dir='ltr'>p.</span> <span class='ocrx_word' id='word_1_178' title='bbox 1911 2573 2037 2635; x_wconf 83' lang='lat'>285</span> <span class='ocrx_word' id='word_1_179' title='bbox 2063 2593 2157 2655; x_wconf 93' lang='lat' dir='ltr'>sq.</span> <span class='ocrx_word' id='word_1_180' title='bbox 2172 2594 2187 2647; x_wconf 90' lang='lat'>;</span> <span class='ocrx_word' id='word_1_181' title='bbox 2238 2571 2264 2610; x_wconf 82' lang='lat'><strong>²</strong></span> <span class='ocrx_word' id='word_1_182' title='bbox 2289 2592 2349 2655; x_wconf 90' lang='lat' dir='ltr'>p.</span> <span class='ocrx_word' id='word_1_183' title='bbox 2386 2572 2528 2635; x_wconf 86' lang='lat'>762.</span> <span class='ocrx_word' id='word_1_184' title='bbox 2562 2573 2715 2647; x_wconf 90' lang='grc'>770;</span> <span class='ocrx_word' id='word_1_185' title='bbox 2765 2570 2845 2634; x_wconf 91' lang='lat' dir='ltr'>de</span> <span class='ocrx_word' id='word_1_186' title='bbox 2892 2570 3111 2634; x_wconf 90' lang='lat' dir='ltr'>schola</span> <span class='ocrx_word' id='word_1_187' title='bbox 3158 2591 3307 2633; x_wconf 89' lang='lat' dir='ltr'>can-</span> 
     </span>
     <span class='ocr_line' id='line_1_19' title="bbox 423 2674 2962 2760; baseline 0.002 -23"><span class='ocrx_word' id='word_1_188' title='bbox 423 2679 631 2738; x_wconf 90' lang='lat' dir='ltr'>torum</span> <span class='ocrx_word' id='word_1_189' title='bbox 679 2698 843 2760; x_wconf 90' lang='lat' dir='ltr'>quae</span> <span class='ocrx_word' id='word_1_190' title='bbox 891 2698 1084 2760; x_wconf 86' lang='lat' dir='ltr'>supra</span> <span class='ocrx_word' id='word_1_191' title='bbox 1129 2674 1398 2739; x_wconf 84' lang='lat' dir='ltr'>disserui</span> <span class='ocrx_word' id='word_1_192' title='bbox 1443 2697 1505 2760; x_wconf 94' lang='lat' dir='ltr'>p.</span> <span class='ocrx_word' id='word_1_193' title='bbox 1548 2678 1641 2739; x_wconf 89' lang='grc'>17.</span> <span class='ocrx_word' id='word_1_194' title='bbox 2953 2674 2962 2683; x_wconf 75' lang='grc'><strong><em>’</em></strong></span> 
     </span>
    </p>
   </div>
   <div class='ocr_carea' id='block_1_8' title="bbox 420 2813 3311 3213">
    <p class='ocr_par' dir='ltr' id='par_1_9' title="bbox 420 2813 3192 2876">
     <span class='ocr_line' id='line_1_20' title="bbox 420 2813 3192 2876; baseline 0.001 -2"><span class='ocrx_word' id='word_1_195' title='bbox 420 2814 500 2874; x_wconf 74' lang='lat'>*1</span> <span class='ocrx_word' id='word_1_196' title='bbox 2894 2813 3192 2876; x_wconf 80' lang='lat'><em>590-98</em></span> 
     </span>
    </p>

    <p class='ocr_par' dir='ltr' id='par_1_10' title="bbox 421 2813 3311 3213">
     <span class='ocr_line' id='line_1_21' title="bbox 424 2813 3309 3004; baseline 0 -23"><span class='ocrx_word' id='word_1_197' title='bbox 424 2917 851 3003; x_wconf 88' lang='lat' dir='ltr'>Gregorius</span> <span class='ocrx_word' id='word_1_198' title='bbox 897 2919 929 2982; x_wconf 96' lang='grc' dir='ltr'>Ι</span> <span class='ocrx_word' id='word_1_199' title='bbox 992 2918 1185 3002; x_wconf 84' lang='lat' dir='ltr'>„fecit</span> <span class='ocrx_word' id='word_1_200' title='bbox 1237 2919 1710 2983; x_wconf 87' lang='lat' dir='ltr'>xenodochium</span> <span class='ocrx_word' id='word_1_201' title='bbox 1771 2942 1820 2982; x_wconf 92' lang='lat' dir='ltr'>s.</span> <span class='ocrx_word' id='word_1_202' title='bbox 1862 2918 2163 3003; x_wconf 89' lang='lat' dir='ltr'>Gregorii</span> <span class='ocrx_word' id='word_1_203' title='bbox 2225 2920 2404 2983; x_wconf 81' lang='lat' dir='ltr'>iuxta</span> <span class='ocrx_word' id='word_1_204' title='bbox 2447 2918 2684 3004; x_wconf 89' lang='lat' dir='ltr'>gradus</span> <span class='ocrx_word' id='word_1_205' title='bbox 2728 2918 2789 2982; x_wconf 92' lang='lat' dir='ltr'>b.</span> <span class='ocrx_word' id='word_1_206' title='bbox 2823 2813 3002 2983; x_wconf 77' lang='lat' dir='ltr'>P(etri</span> <span class='ocrx_word' id='word_1_207' title='bbox 3048 2925 3115 2983; x_wconf 91' lang='lat' dir='ltr'>et</span> <span class='ocrx_word' id='word_1_208' title='bbox 3157 2813 3309 2982; x_wconf 50' lang='lat' dir='ltr'>cim-</span> 
     </span>
     <span class='ocr_line' id='line_1_22' title="bbox 428 3022 3308 3109; baseline 0 -23"><span class='ocrx_word' id='word_1_209' title='bbox 428 3024 632 3087; x_wconf 89' lang='lat' dir='ltr'>stituit</span> <span class='ocrx_word' id='word_1_210' title='bbox 677 3022 762 3087; x_wconf 91' lang='lat' dir='ltr'>ibi</span> <span class='ocrx_word' id='word_1_211' title='bbox 813 3031 940 3088; x_wconf 89' lang='lat' dir='ltr'>tres</span> <span class='ocrx_word' id='word_1_212' title='bbox 986 3030 1281 3089; x_wconf 88' lang='lat' dir='ltr'>cantores</span> <span class='ocrx_word' id='word_1_213' title='bbox 1312 3045 1455 3088; x_wconf 89' lang='lat' dir='ltr'>cum</span> <span class='ocrx_word' id='word_1_214' title='bbox 1489 3024 1873 3109; x_wconf 89' lang='lat' dir='ltr'>primicerio,</span> <span class='ocrx_word' id='word_1_215' title='bbox 1921 3026 2029 3109; x_wconf 90' lang='lat' dir='ltr'>qui</span> <span class='ocrx_word' id='word_1_216' title='bbox 2062 3026 2295 3109; x_wconf 89' lang='lat' dir='ltr'>iugiter</span> <span class='ocrx_word' id='word_1_217' title='bbox 2327 3023 2642 3088; x_wconf 89' lang='lat' dir='ltr'>officiaret</span> <span class='ocrx_word' id='word_1_218' title='bbox 2670 3026 2931 3087; x_wconf 89' lang='lat' dir='ltr'>missam</span> <span class='ocrx_word' id='word_1_219' title='bbox 2976 3023 3061 3088; x_wconf 90' lang='lat' dir='ltr'>ad</span> <span class='ocrx_word' id='word_1_220' title='bbox 3106 3023 3308 3087; x_wconf 89' lang='lat' dir='ltr'>altare</span> 
     </span>
     <span class='ocr_line' id='line_1_23' title="bbox 421 3126 3311 3213; baseline 0.001 -26"><span class='ocrx_word' id='word_1_221' title='bbox 421 3126 481 3188; x_wconf 91' lang='lat' dir='ltr'>b.</span> <span class='ocrx_word' id='word_1_222' title='bbox 517 3127 715 3210; x_wconf 89' lang='lat' dir='ltr'>Petri,</span> <span class='ocrx_word' id='word_1_223' title='bbox 763 3128 1020 3192; x_wconf 88' lang='lat' dir='ltr'>indutus</span> <span class='ocrx_word' id='word_1_224' title='bbox 1064 3129 1328 3212; x_wconf 86' lang='lat' dir='ltr'>pluviali</span> <span class='ocrx_word' id='word_1_225' title='bbox 1376 3134 1442 3192; x_wconf 93' lang='lat' dir='ltr'>et</span> <span class='ocrx_word' id='word_1_226' title='bbox 1485 3129 1676 3191; x_wconf 88' lang='lat' dir='ltr'>mitra</span> <span class='ocrx_word' id='word_1_227' title='bbox 1723 3136 1789 3192; x_wconf 92' lang='lat' dir='ltr'>et</span> <span class='ocrx_word' id='word_1_228' title='bbox 1831 3130 2042 3213; x_wconf 87' lang='lat' dir='ltr'>virga,</span> <span class='ocrx_word' id='word_1_229' title='bbox 2089 3136 2415 3213; x_wconf 83' lang='lat' dir='ltr'>staretque</span> <span class='ocrx_word' id='word_1_230' title='bbox 2461 3129 2644 3192; x_wconf 75' lang='lat' dir='ltr'>iuxta</span> <span class='ocrx_word' id='word_1_231' title='bbox 2687 3129 2891 3192; x_wconf 89' lang='lat' dir='ltr'>altare</span> <span class='ocrx_word' id='word_1_232' title='bbox 2938 3148 3082 3191; x_wconf 90' lang='lat' dir='ltr'>eum</span> <span class='ocrx_word' id='word_1_233' title='bbox 3128 3127 3197 3191; x_wconf 96' lang='lat' dir='ltr'>II</span> <span class='ocrx_word' id='word_1_234' title='bbox 3244 3134 3311 3192; x_wconf 88' lang='lat' dir='ltr'>et</span> 
     </span>
    </p>
   </div>
   <div class='ocr_carea' id='block_1_9' title="bbox 421 3230 3077 3318">
    <p class='ocr_par' dir='ltr' id='par_1_11' title="bbox 421 3230 3077 3318">
     <span class='ocr_line' id='line_1_24' title="bbox 421 3230 3077 3318; baseline 0 -25"><span class='ocrx_word' id='word_1_235' title='bbox 421 3230 523 3294; x_wconf 91' lang='lat' dir='ltr'>III</span> <span class='ocrx_word' id='word_1_236' title='bbox 569 3238 636 3295; x_wconf 90' lang='lat' dir='ltr'>et</span> <span class='ocrx_word' id='word_1_237' title='bbox 680 3230 838 3314; x_wconf 91' lang='lat' dir='ltr'>IIII,</span> <span class='ocrx_word' id='word_1_238' title='bbox 887 3239 953 3296; x_wconf 93' lang='lat' dir='ltr'>et</span> <span class='ocrx_word' id='word_1_239' title='bbox 997 3253 1112 3316; x_wconf 90' lang='lat' dir='ltr'>pro</span> <span class='ocrx_word' id='word_1_240' title='bbox 1158 3231 1471 3296; x_wconf 87' lang='lat' dir='ltr'>beneficio</span> <span class='ocrx_word' id='word_1_241' title='bbox 1517 3231 1850 3315; x_wconf 88' lang='lat' dir='ltr'>haberent,</span> <span class='ocrx_word' id='word_1_242' title='bbox 1898 3234 2060 3296; x_wconf 90' lang='lat' dir='ltr'>sicut</span> <span class='ocrx_word' id='word_1_243' title='bbox 2105 3235 2170 3296; x_wconf 91' lang='lat' dir='ltr'>in</span> <span class='ocrx_word' id='word_1_244' title='bbox 2216 3233 2552 3318; x_wconf 84' lang='lat' dir='ltr'>privilegio</span> <span class='ocrx_word' id='word_1_245' title='bbox 2601 3233 2737 3296; x_wconf 90' lang='lat' dir='ltr'>eius</span> <span class='ocrx_word' id='word_1_246' title='bbox 2781 3231 3077 3315; x_wconf 87' lang='lat' dir='ltr'>legitur“.</span> 
     </span>
    </p>
   </div>
   <div class='ocr_carea' id='block_1_10' title="bbox 424 3333 3308 3572">
    <p class='ocr_par' dir='ltr' id='par_1_12' title="bbox 424 3333 3308 3572">
     <span class='ocr_line' id='line_1_25' title="bbox 629 3333 3308 3403; baseline 0.001 -16"><span class='ocrx_word' id='word_1_247' title='bbox 629 3333 807 3387; x_wconf 70' lang='lat' dir='ltr'>Lami.</span> <span class='ocrx_word' id='word_1_248' title='bbox 846 3352 883 3387; x_wconf 84' lang='lat' dir='ltr'>a</span> <span class='ocrx_word' id='word_1_249' title='bbox 917 3334 1077 3388; x_wconf 78' lang='lat' dir='ltr'>Petro</span> <span class='ocrx_word' id='word_1_250' title='bbox 1123 3334 1319 3387; x_wconf 77' lang='lat' dir='ltr'>Mallio</span> <span class='ocrx_word' id='word_1_251' title='bbox 1365 3351 1407 3389; x_wconf 88' lang='lat' dir='ltr'>c.</span> <span class='ocrx_word' id='word_1_252' title='bbox 1436 3342 1469 3387; x_wconf 83' lang='lat'><strong><em>4</em></strong></span> <span class='ocrx_word' id='word_1_253' title='bbox 1512 3336 1604 3401; x_wconf 77' lang='lat' dir='ltr'>(cs.</span> <span class='ocrx_word' id='word_1_254' title='bbox 1632 3335 1940 3388; x_wconf 79' lang='lat' dir='ltr'>Martinelli</span> <span class='ocrx_word' id='word_1_255' title='bbox 1975 3352 2034 3403; x_wconf 78' lang='lat' dir='ltr'>P·</span> <span class='ocrx_word' id='word_1_256' title='bbox 2062 3342 2161 3390; x_wconf 85' lang='lat'>375</span> <span class='ocrx_word' id='word_1_257' title='bbox 2172 3350 2193 3401; x_wconf 90' lang='lat'>,·</span> <span class='ocrx_word' id='word_1_258' title='bbox 2245 3334 2559 3390; x_wconf 74' lang='lat' dir='ltr'>Cancellieri</span> <span class='ocrx_word' id='word_1_259' title='bbox 2607 3334 2691 3388; x_wconf 80' lang='lat' dir='ltr'>Dc</span> <span class='ocrx_word' id='word_1_260' title='bbox 2734 3334 3034 3388; x_wconf 73' lang='lat' dir='ltr'>secretariis</span> <span class='ocrx_word' id='word_1_261' title='bbox 3072 3334 3148 3387; x_wconf 90' lang='lat' dir='ltr'>II</span> <span class='ocrx_word' id='word_1_262' title='bbox 3177 3337 3308 3402; x_wconf 85' lang='lat'>733).</span> 
     </span>
     <span class='ocr_line' id='line_1_26' title="bbox 424 3420 924 3475; baseline 0.002 -1"><span class='ocrx_word' id='word_1_263' title='bbox 424 3449 488 3460; x_wconf 93' lang='lat'>——</span> <span class='ocrx_word' id='word_1_264' title='bbox 528 3420 606 3474; x_wconf 74' lang='lat' dir='ltr'>Re</span> <span class='ocrx_word' id='word_1_265' title='bbox 642 3461 656 3475; x_wconf 97' lang='lat'>.</span> <span class='ocrx_word' id='word_1_266' title='bbox 691 3420 801 3474; x_wconf 84' lang='lat' dir='ltr'>JE.</span> <span class='ocrx_word' id='word_1_267' title='bbox 840 3449 924 3475; x_wconf 91' lang='lat'>—.</span> 
     </span>
     <span class='ocr_line' id='line_1_27' title="bbox 602 3436 1934 3572; baseline 0.001 -4"><span class='ocrx_word' id='word_1_268' title='bbox 602 3436 640 3488; x_wconf 65' lang='grc'><em>9</em></span> <span class='ocrx_word' id='word_1_269' title='bbox 801 3514 951 3569; x_wconf 85' lang='lat' dir='ltr'>Num</span> <span class='ocrx_word' id='word_1_270' title='bbox 988 3513 1116 3570; x_wconf 89' lang='lat' dir='ltr'>huie</span> <span class='ocrx_word' id='word_1_271' title='bbox 1152 3514 1391 3571; x_wconf 83' lang='lat' dir='ltr'>notitiae</span> <span class='ocrx_word' id='word_1_272' title='bbox 1427 3515 1563 3572; x_wconf 87' lang='lat' dir='ltr'>fides</span> <span class='ocrx_word' id='word_1_273' title='bbox 1599 3513 1934 3570; x_wconf 77' lang='lat' dir='ltr'>tribuenda?</span> 
     </span>
    </p>
   </div>
   <div class='ocr_carea' id='block_1_11' title="bbox 427 3619 3218 3704">
    <p class='ocr_par' dir='ltr' id='par_1_13' title="bbox 427 3619 3218 3704">
     <span class='ocr_line' id='line_1_28' title="bbox 427 3619 3218 3704; baseline -0 -21"><span class='ocrx_word' id='word_1_274' title='bbox 427 3625 472 3683; x_wconf 78' lang='lat'><strong><em>2</em></strong></span> <span class='ocrx_word' id='word_1_275' title='bbox 2640 3619 2796 3704; x_wconf 82' lang='lat'><em>(598</em></span> <span class='ocrx_word' id='word_1_276' title='bbox 2837 3619 3218 3702; x_wconf 63' lang='lat' dir='ltr'>noa—dec.)</span> 
     </span>
    </p>
   </div>
   <div class='ocr_carea' id='block_1_12' title="bbox 297 3723 3307 3812">
    <p class='ocr_par' dir='ltr' id='par_1_14' title="bbox 297 3723 3307 3812">
     <span class='ocr_line' id='line_1_29' title="bbox 297 3723 3307 3812; baseline 0 -26"><span class='ocrx_word' id='word_1_277' title='bbox 297 3805 302 3812; x_wconf 15' lang='grc' dir='ltr'><strong>β</strong></span> <span class='ocrx_word' id='word_1_278' title='bbox 424 3723 845 3807; x_wconf 90' lang='lat' dir='ltr'>Gregorius</span> <span class='ocrx_word' id='word_1_279' title='bbox 897 3723 929 3786; x_wconf 96' lang='grc' dir='ltr'>Ι</span> <span class='ocrx_word' id='word_1_280' title='bbox 989 3724 1372 3788; x_wconf 83' lang='lat' dir='ltr'>Azimarcho</span> <span class='ocrx_word' id='word_1_281' title='bbox 1440 3723 1741 3788; x_wconf 90' lang='lat' dir='ltr'>scriboni:</span> <span class='ocrx_word' id='word_1_282' title='bbox 1811 3727 2004 3809; x_wconf 90' lang='lat' dir='ltr'>petit,</span> <span class='ocrx_word' id='word_1_283' title='bbox 2059 3733 2130 3789; x_wconf 93' lang='lat' dir='ltr'>ut</span> <span class='ocrx_word' id='word_1_284' title='bbox 2182 3726 2529 3790; x_wconf 89' lang='lat' dir='ltr'>Laurentio</span> <span class='ocrx_word' id='word_1_285' title='bbox 2598 3746 2656 3789; x_wconf 80' lang='lat' dir='ltr'>V.</span> <span class='ocrx_word' id='word_1_286' title='bbox 2723 3724 2802 3789; x_wconf 91' lang='lat' dir='ltr'>cl.</span> <span class='ocrx_word' id='word_1_287' title='bbox 2871 3725 3307 3808; x_wconf 89' lang='lat' dir='ltr'>praesentium</span> 
     </span>
    </p>
   </div>
   <div class='ocr_carea' id='block_1_13' title="bbox 423 3827 3309 4121">
    <p class='ocr_par' dir='ltr' id='par_1_15' title="bbox 423 3827 3309 4121">
     <span class='ocr_line' id='line_1_30' title="bbox 423 3827 3309 3914; baseline -0.001 -23"><span class='ocrx_word' id='word_1_288' title='bbox 423 3829 718 3913; x_wconf 91' lang='lat' dir='ltr'>portitori</span> <span class='ocrx_word' id='word_1_289' title='bbox 781 3835 1116 3892; x_wconf 87' lang='lat' dir='ltr'>concurrat</span> <span class='ocrx_word' id='word_1_290' title='bbox 1171 3827 1341 3912; x_wconf 88' lang='lat' dir='ltr'>apud</span> <span class='ocrx_word' id='word_1_291' title='bbox 1400 3829 1744 3893; x_wconf 90' lang='lat' dir='ltr'>Leontium</span> <span class='ocrx_word' id='word_1_292' title='bbox 1805 3827 2281 3914; x_wconf 84' lang='lat' dir='ltr'>(exconsulem)</span> <span class='ocrx_word' id='word_1_293' title='bbox 2341 3850 2456 3913; x_wconf 94' lang='lat' dir='ltr'>pro</span> <span class='ocrx_word' id='word_1_294' title='bbox 2517 3827 2917 3913; x_wconf 84' lang='lat' dir='ltr'>exponendis</span> <span class='ocrx_word' id='word_1_295' title='bbox 2962 3828 3309 3891; x_wconf 88' lang='lat' dir='ltr'>ratiociniis</span> 
     </span>
     <span class='ocr_line' id='line_1_31' title="bbox 425 3930 3309 4017; baseline -0.001 -23"><span class='ocrx_word' id='word_1_296' title='bbox 425 3932 731 3995; x_wconf 86' lang='lat' dir='ltr'>Bonifatii</span> <span class='ocrx_word' id='word_1_297' title='bbox 764 3931 1085 4016; x_wconf 90' lang='lat' dir='ltr'>quondam</span> <span class='ocrx_word' id='word_1_298' title='bbox 1110 3934 1476 4016; x_wconf 91' lang='lat' dir='ltr'>numerarii,</span> <span class='ocrx_word' id='word_1_299' title='bbox 1502 3934 1608 4017; x_wconf 91' lang='lat' dir='ltr'>qui</span> <span class='ocrx_word' id='word_1_300' title='bbox 1642 3933 1898 3997; x_wconf 90' lang='lat' dir='ltr'>condito</span> <span class='ocrx_word' id='word_1_301' title='bbox 1925 3939 2311 3997; x_wconf 90' lang='lat' dir='ltr'>testamento</span> <span class='ocrx_word' id='word_1_302' title='bbox 2336 3940 2586 4017; x_wconf 89' lang='lat' dir='ltr'>partem</span> <span class='ocrx_word' id='word_1_303' title='bbox 2619 3933 2900 4016; x_wconf 90' lang='lat' dir='ltr'>aliquam</span> <span class='ocrx_word' id='word_1_304' title='bbox 2933 3930 3309 3995; x_wconf 85' lang='lat' dir='ltr'>hereditatis</span> 
     </span>
     <span class='ocr_line' id='line_1_32' title="bbox 425 4035 3306 4121; baseline 0 -23"><span class='ocrx_word' id='word_1_305' title='bbox 425 4059 578 4101; x_wconf 90' lang='lat' dir='ltr'>suae</span> <span class='ocrx_word' id='word_1_306' title='bbox 638 4036 1074 4119; x_wconf 80' lang='lat' dir='ltr'>xenodochiO,</span> <span class='ocrx_word' id='word_1_307' title='bbox 1132 4036 1304 4120; x_wconf 91' lang='lat' dir='ltr'>quod</span> <span class='ocrx_word' id='word_1_308' title='bbox 1357 4037 1441 4100; x_wconf 90' lang='lat' dir='ltr'>ad</span> <span class='ocrx_word' id='word_1_309' title='bbox 1493 4060 1540 4102; x_wconf 90' lang='lat' dir='ltr'>s.</span> <span class='ocrx_word' id='word_1_310' title='bbox 1575 4038 1839 4102; x_wconf 91' lang='lat' dir='ltr'>Petrum</span> <span class='ocrx_word' id='word_1_311' title='bbox 1903 4044 2109 4121; x_wconf 89' lang='lat' dir='ltr'>apost.</span> <span class='ocrx_word' id='word_1_312' title='bbox 2175 4038 2365 4102; x_wconf 91' lang='lat' dir='ltr'>situm</span> <span class='ocrx_word' id='word_1_313' title='bbox 2413 4044 2543 4121; x_wconf 92' lang='lat' dir='ltr'>est,</span> <span class='ocrx_word' id='word_1_314' title='bbox 2602 4037 2877 4121; x_wconf 90' lang='lat' dir='ltr'>reliquit.</span> <span class='ocrx_word' id='word_1_315' title='bbox 2927 4075 3009 4082; x_wconf 91' lang='lat'>—</span> <span class='ocrx_word' id='word_1_316' title='bbox 3056 4035 3306 4119; x_wconf 88' lang='lat' dir='ltr'>Magni-</span> 
     </span>
    </p>
   </div>
   <div class='ocr_carea' id='block_1_14' title="bbox 425 4141 1055 4205">
    <p class='ocr_par' dir='ltr' id='par_1_16' title="bbox 425 4141 1055 4205">
     <span class='ocr_line' id='line_1_33' title="bbox 425 4141 1055 4205; baseline 0 -1"><span class='ocrx_word' id='word_1_317' title='bbox 425 4141 709 4205; x_wconf 90' lang='lat' dir='ltr'>tudinem</span> <span class='ocrx_word' id='word_1_318' title='bbox 756 4147 1055 4205; x_wconf 86' lang='lat' dir='ltr'>vestram.</span> 
     </span>
    </p>
   </div>
   <div class='ocr_carea' id='block_1_15' title="bbox 423 4240 3309 4472">
    <p class='ocr_par' dir='ltr' id='par_1_17' title="bbox 423 4240 3309 4472">
     <span class='ocr_line' id='line_1_34' title="bbox 631 4240 3309 4313; baseline -0.001 -14"><span class='ocrx_word' id='word_1_319' title='bbox 631 4243 758 4312; x_wconf 65' lang='lat' dir='ltr'>Rev.</span> <span class='ocrx_word' id='word_1_320' title='bbox 799 4242 1044 4312; x_wconf 61' lang='lat' dir='ltr'>Gregorii</span> <span class='ocrx_word' id='word_1_321' title='bbox 1067 4243 1108 4296; x_wconf 94' lang='lat' dir='ltr'><em>I</em></span> <span class='ocrx_word' id='word_1_322' title='bbox 1136 4243 1223 4297; x_wconf 81' lang='lat' dir='ltr'>lib.</span> <span class='ocrx_word' id='word_1_323' title='bbox 1250 4243 1347 4296; x_wconf 84' lang='lat' dir='ltr'>IX</span> <span class='ocrx_word' id='word_1_324' title='bbox 1378 4260 1455 4310; x_wconf 81' lang='lat' dir='ltr'>ep.</span> <span class='ocrx_word' id='word_1_325' title='bbox 1481 4248 1559 4297; x_wconf 86' lang='grc'>63.</span> <span class='ocrx_word' id='word_1_326' title='bbox 1600 4273 1659 4282; x_wconf 93' lang='lat'>—-</span> <span class='ocrx_word' id='word_1_327' title='bbox 1700 4242 1850 4299; x_wconf 77' lang='lat' dir='ltr'>Edd.</span> <span class='ocrx_word' id='word_1_328' title='bbox 1889 4244 1944 4298; x_wconf 89' lang='lat' dir='ltr'>S.</span> <span class='ocrx_word' id='word_1_329' title='bbox 1973 4243 2215 4313; x_wconf 75' lang='lat' dir='ltr'>Greyorii</span> <span class='ocrx_word' id='word_1_330' title='bbox 2260 4243 2393 4311; x_wconf 81' lang='lat' dir='ltr'>Opp.</span> <span class='ocrx_word' id='word_1_331' title='bbox 2432 4242 2512 4297; x_wconf 80' lang='lat' dir='ltr'>ed.</span> <span class='ocrx_word' id='word_1_332' title='bbox 2550 4242 2739 4296; x_wconf 79' lang='lat' dir='ltr'>Maur.</span> <span class='ocrx_word' id='word_1_333' title='bbox 2766 4241 2839 4295; x_wconf 87' lang='lat' dir='ltr'><em>H</em></span> <span class='ocrx_word' id='word_1_334' title='bbox 2868 4241 2953 4295; x_wconf 75' lang='lat' dir='ltr'>lib.</span> <span class='ocrx_word' id='word_1_335' title='bbox 2984 4240 3116 4294; x_wconf 85' lang='lat' dir='ltr'>XII</span> <span class='ocrx_word' id='word_1_336' title='bbox 3146 4258 3199 4293; x_wconf 76' lang='lat' dir='ltr'>n.</span> <span class='ocrx_word' id='word_1_337' title='bbox 3229 4248 3309 4295; x_wconf 86' lang='lat'>16.</span> 
     </span>
     <span class='ocr_line' id='line_1_35' title="bbox 429 4328 3308 4400; baseline -0 -18"><span class='ocrx_word' id='word_1_338' title='bbox 429 4330 616 4383; x_wconf 68' lang='lat' dir='ltr'>Man-si</span> <span class='ocrx_word' id='word_1_339' title='bbox 656 4330 717 4383; x_wconf 85' lang='lat' dir='ltr'>X</span> <span class='ocrx_word' id='word_1_340' title='bbox 737 4335 832 4384; x_wconf 86' lang='lat'>319</span> <span class='ocrx_word' id='word_1_341' title='bbox 864 4347 920 4383; x_wconf 75' lang='lat' dir='ltr'>n.</span> <span class='ocrx_word' id='word_1_342' title='bbox 948 4337 1044 4385; x_wconf 56' lang='grc'>18.&gt;</span> <span class='ocrx_word' id='word_1_343' title='bbox 1090 4330 1278 4400; x_wconf 70' lang='grc' dir='ltr'><strong><em>Μίφιο</em></strong></span> <span class='ocrx_word' id='word_1_344' title='bbox 1302 4329 1611 4384; x_wconf 87' lang='lat' dir='ltr'><strong><em>LXXVII</em></strong></span> <span class='ocrx_word' id='word_1_345' title='bbox 1631 4336 1753 4384; x_wconf 88' lang='grc'>1229</span> <span class='ocrx_word' id='word_1_346' title='bbox 1787 4347 1842 4386; x_wconf 78' lang='lat' dir='ltr'>n.</span> <span class='ocrx_word' id='word_1_347' title='bbox 1870 4338 1948 4386; x_wconf 88' lang='grc'>16.</span> <span class='ocrx_word' id='word_1_348' title='bbox 2011 4331 2167 4385; x_wconf 79' lang='lat' dir='ltr'>Mon.</span> <span class='ocrx_word' id='word_1_349' title='bbox 2201 4330 2375 4385; x_wconf 80' lang='lat' dir='ltr'>Germ,</span> <span class='ocrx_word' id='word_1_350' title='bbox 2406 4329 2554 4398; x_wconf 76' lang='lat' dir='ltr'>Epp.</span> <span class='ocrx_word' id='word_1_351' title='bbox 2582 4330 2751 4384; x_wconf 74' lang='lat'>1184.</span> <span class='ocrx_word' id='word_1_352' title='bbox 2772 4358 2833 4368; x_wconf 91' lang='lat'><em>-</em></span> <span class='ocrx_word' id='word_1_353' title='bbox 2864 4328 3023 4397; x_wconf 71' lang='lat' dir='ltr'>Reyy.</span> <span class='ocrx_word' id='word_1_354' title='bbox 3059 4329 3121 4384; x_wconf 90' lang='lat' dir='ltr'>J.</span> <span class='ocrx_word' id='word_1_355' title='bbox 3160 4335 3308 4382; x_wconf 74' lang='grc'><strong>1448.</strong></span> 
     </span>
     <span class='ocr_line' id='line_1_36' title="bbox 423 4416 1466 4472; baseline 0.012 -4"><span class='ocrx_word' id='word_1_356' title='bbox 423 4416 536 4470; x_wconf 75' lang='lat' dir='ltr'>JE.</span> <span class='ocrx_word' id='word_1_357' title='bbox 575 4425 723 4472; x_wconf 81' lang='grc'><strong>1588.</strong></span> <span class='ocrx_word' id='word_1_358' title='bbox 1455 4443 1466 4449; x_wconf 84' lang='grc'><em>·</em></span> 
     </span>
    </p>
   </div>
   <div class='ocr_carea' id='block_1_16' title="bbox 422 4516 3306 4918">
    <p class='ocr_par' dir='ltr' id='par_1_18' title="bbox 422 4516 3186 4584">
     <span class='ocr_line' id='line_1_37' title="bbox 422 4516 3186 4584; baseline -0.002 0"><span class='ocrx_word' id='word_1_359' title='bbox 422 4526 466 4584; x_wconf 85' lang='grc'><em>3</em></span> <span class='ocrx_word' id='word_1_360' title='bbox 2829 4518 2955 4580; x_wconf 86' lang='grc'>599</span> <span class='ocrx_word' id='word_1_361' title='bbox 2998 4539 3043 4580; x_wconf 85' lang='grc' dir='ltr'><em>α</em></span> <span class='ocrx_word' id='word_1_362' title='bbox 3126 4516 3186 4580; x_wconf 70' lang='lat' dir='ltr'>il.</span> 
     </span>
    </p>

    <p class='ocr_par' dir='ltr' id='par_1_19' title="bbox 423 4518 3306 4918">
     <span class='ocr_line' id='line_1_38' title="bbox 425 4518 3305 4710; baseline -0.002 -20"><span class='ocrx_word' id='word_1_363' title='bbox 425 4625 845 4710; x_wconf 89' lang='lat' dir='ltr'>Gregorius</span> <span class='ocrx_word' id='word_1_364' title='bbox 889 4626 921 4689; x_wconf 95' lang='lat' dir='ltr'>I</span> <span class='ocrx_word' id='word_1_365' title='bbox 972 4626 1266 4690; x_wconf 89' lang='lat' dir='ltr'>Romano</span> <span class='ocrx_word' id='word_1_366' title='bbox 1328 4625 1649 4691; x_wconf 88' lang='lat' dir='ltr'>defensori</span> <span class='ocrx_word' id='word_1_367' title='bbox 1710 4624 2103 4710; x_wconf 88' lang='lat' dir='ltr'>(patrimonii</span> <span class='ocrx_word' id='word_1_368' title='bbox 2160 4624 2600 4709; x_wconf 83' lang='lat' dir='ltr'>Syracusani):</span> <span class='ocrx_word' id='word_1_369' title='bbox 2656 4526 2958 4707; x_wconf 76' lang='lat' dir='ltr'>iniur(1git,</span> <span class='ocrx_word' id='word_1_370' title='bbox 3020 4518 3305 4686; x_wconf 50' lang='lat' dir='ltr'>dvtrLgm-</span> 
     </span>
     <span class='ocr_line' id='line_1_39' title="bbox 424 4727 3306 4815; baseline -0.002 -21"><span class='ocrx_word' id='word_1_371' title='bbox 424 4731 697 4794; x_wconf 90' lang='lat' dir='ltr'>rentium</span> <span class='ocrx_word' id='word_1_372' title='bbox 765 4751 822 4793; x_wconf 71' lang='grc' dir='ltr'>ν.</span> <span class='ocrx_word' id='word_1_373' title='bbox 893 4730 970 4793; x_wconf 91' lang='lat' dir='ltr'>cl.</span> <span class='ocrx_word' id='word_1_374' title='bbox 1039 4731 1471 4815; x_wconf 88' lang='lat' dir='ltr'>praesentium</span> <span class='ocrx_word' id='word_1_375' title='bbox 1534 4732 1932 4814; x_wconf 90' lang='lat' dir='ltr'>portitorem,</span> <span class='ocrx_word' id='word_1_376' title='bbox 1999 4751 2114 4814; x_wconf 90' lang='lat' dir='ltr'>pro</span> <span class='ocrx_word' id='word_1_377' title='bbox 2182 4728 2533 4793; x_wconf 89' lang='lat' dir='ltr'>rationibus</span> <span class='ocrx_word' id='word_1_378' title='bbox 2599 4749 2805 4792; x_wconf 90' lang='lat' dir='ltr'>nonae</span> <span class='ocrx_word' id='word_1_379' title='bbox 2873 4748 2949 4791; x_wconf 90' lang='lat' dir='ltr'>ae</span> <span class='ocrx_word' id='word_1_380' title='bbox 3016 4727 3306 4790; x_wconf 89' lang='lat' dir='ltr'>decimae</span> 
     </span>
     <span class='ocr_line' id='line_1_40' title="bbox 423 4831 3303 4918; baseline -0.002 -20"><span class='ocrx_word' id='word_1_381' title='bbox 423 4834 785 4898; x_wconf 87' lang='lat' dir='ltr'>indictionis</span> <span class='ocrx_word' id='word_1_382' title='bbox 829 4834 1140 4898; x_wconf 84' lang='lat' dir='ltr'>faciendis</span> <span class='ocrx_word' id='word_1_383' title='bbox 1188 4836 1644 4918; x_wconf 86' lang='lat' dir='ltr'>transmissum,</span> <span class='ocrx_word' id='word_1_384' title='bbox 1691 4836 1754 4898; x_wconf 91' lang='lat' dir='ltr'>in</span> <span class='ocrx_word' id='word_1_385' title='bbox 1802 4835 2031 4899; x_wconf 90' lang='lat' dir='ltr'>eadem</span> <span class='ocrx_word' id='word_1_386' title='bbox 2078 4855 2271 4898; x_wconf 90' lang='lat' dir='ltr'>eausa</span> <span class='ocrx_word' id='word_1_387' title='bbox 2304 4835 2402 4917; x_wconf 74' lang='lat' dir='ltr'>(ut</span> <span class='ocrx_word' id='word_1_388' title='bbox 2444 4833 2516 4897; x_wconf 79' lang='lat' dir='ltr'>in</span> <span class='ocrx_word' id='word_1_389' title='bbox 2559 4853 2623 4896; x_wconf 82' lang='lat' dir='ltr'>n.</span> <span class='ocrx_word' id='word_1_390' title='bbox 2653 4832 2722 4915; x_wconf 80' lang='lat'>2)</span> <span class='ocrx_word' id='word_1_391' title='bbox 2772 4833 2991 4895; x_wconf 86' lang='lat' dir='ltr'>iuvare</span> <span class='ocrx_word' id='word_1_392' title='bbox 3024 4831 3303 4894; x_wconf 87' lang='lat' dir='ltr'>festinet.</span> 
     </span>
    </p>
   </div>
   <div class='ocr_carea' id='block_1_17' title="bbox 425 4938 1282 5023">
    <p class='ocr_par' dir='ltr' id='par_1_20' title="bbox 425 4938 1282 5023">
     <span class='ocr_line' id='line_1_41' title="bbox 425 4938 1282 5023; baseline 0.001 -21"><span class='ocrx_word' id='word_1_393' title='bbox 425 4980 506 4985; x_wconf 79' lang='lat'>——</span> <span class='ocrx_word' id='word_1_394' title='bbox 551 4938 1038 5023; x_wconf 85' lang='lat' dir='ltr'>Experientiam</span> <span class='ocrx_word' id='word_1_395' title='bbox 1086 4946 1282 5003; x_wconf 87' lang='lat' dir='ltr'>tuam.</span> 
     </span>
    </p>
   </div>
   <div class='ocr_carea' id='block_1_18' title="bbox 424 5044 3305 5278">
    <p class='ocr_par' dir='ltr' id='par_1_21' title="bbox 424 5044 3305 5278">
     <span class='ocr_line' id='line_1_42' title="bbox 628 5044 3305 5118; baseline -0.002 -15"><span class='ocrx_word' id='word_1_396' title='bbox 628 5049 761 5117; x_wconf 75' lang='lat' dir='ltr'>Req.</span> <span class='ocrx_word' id='word_1_397' title='bbox 795 5049 1037 5118; x_wconf 70' lang='lat' dir='ltr'>Greyorii</span> <span class='ocrx_word' id='word_1_398' title='bbox 1074 5049 1113 5102; x_wconf 93' lang='lat' dir='ltr'><strong><em>I</em></strong></span> <span class='ocrx_word' id='word_1_399' title='bbox 1137 5048 1220 5102; x_wconf 78' lang='lat' dir='ltr'>zib.</span> <span class='ocrx_word' id='word_1_400' title='bbox 1250 5047 1347 5102; x_wconf 88' lang='lat' dir='ltr'>IX</span> <span class='ocrx_word' id='word_1_401' title='bbox 1377 5064 1453 5115; x_wconf 82' lang='lat' dir='ltr'>cp.</span> <span class='ocrx_word' id='word_1_402' title='bbox 1481 5054 1591 5102; x_wconf 88' lang='lat'>130.</span> <span class='ocrx_word' id='word_1_403' title='bbox 1629 5080 1699 5090; x_wconf 93' lang='lat'>—</span> <span class='ocrx_word' id='word_1_404' title='bbox 1736 5047 1882 5102; x_wconf 75' lang='lat' dir='ltr'>Edd.</span> <span class='ocrx_word' id='word_1_405' title='bbox 1908 5046 1962 5103; x_wconf 78' lang='lat' dir='ltr'>S.</span> <span class='ocrx_word' id='word_1_406' title='bbox 1992 5047 2241 5116; x_wconf 71' lang='lat' dir='ltr'>Groqorii</span> <span class='ocrx_word' id='word_1_407' title='bbox 2272 5049 2408 5116; x_wconf 79' lang='lat' dir='ltr'>Opp.</span> <span class='ocrx_word' id='word_1_408' title='bbox 2442 5046 2519 5102; x_wconf 80' lang='lat' dir='ltr'>ed.</span> <span class='ocrx_word' id='word_1_409' title='bbox 2555 5046 2745 5100; x_wconf 77' lang='lat' dir='ltr'>Maur.</span> <span class='ocrx_word' id='word_1_410' title='bbox 2776 5045 2847 5099; x_wconf 92' lang='grc' dir='ltr'>ΙΙ</span> <span class='ocrx_word' id='word_1_411' title='bbox 2872 5044 2956 5098; x_wconf 82' lang='lat' dir='ltr'>lib.</span> <span class='ocrx_word' id='word_1_412' title='bbox 2987 5044 3124 5098; x_wconf 84' lang='lat' dir='ltr'>XII</span> <span class='ocrx_word' id='word_1_413' title='bbox 3149 5061 3204 5097; x_wconf 75' lang='lat' dir='ltr'>n.</span> <span class='ocrx_word' id='word_1_414' title='bbox 3234 5052 3305 5098; x_wconf 85' lang='lat'>15.</span> 
     </span>
     <span class='ocr_line' id='line_1_43' title="bbox 425 5132 3305 5204; baseline 0 -17"><span class='ocrx_word' id='word_1_415' title='bbox 425 5135 617 5188; x_wconf 64' lang='lat' dir='ltr'>sslansi</span> <span class='ocrx_word' id='word_1_416' title='bbox 643 5135 704 5189; x_wconf 85' lang='lat' dir='ltr'>X</span> <span class='ocrx_word' id='word_1_417' title='bbox 725 5143 826 5191; x_wconf 85' lang='lat'>318</span> <span class='ocrx_word' id='word_1_418' title='bbox 860 5154 914 5190; x_wconf 73' lang='lat' dir='ltr'>n.</span> <span class='ocrx_word' id='word_1_419' title='bbox 943 5144 1016 5190; x_wconf 86' lang='lat'>16.</span> <span class='ocrx_word' id='word_1_420' title='bbox 1087 5135 1274 5204; x_wconf 74' lang='lat' dir='ltr'>Miqne</span> <span class='ocrx_word' id='word_1_421' title='bbox 1297 5134 1482 5189; x_wconf 82' lang='lat' dir='ltr'>LXX</span> <span class='ocrx_word' id='word_1_422' title='bbox 1494 5134 1615 5188; x_wconf 86' lang='lat' dir='ltr'>VII</span> <span class='ocrx_word' id='word_1_423' title='bbox 1634 5141 1764 5190; x_wconf 89' lang='grc'>1228</span> <span class='ocrx_word' id='word_1_424' title='bbox 1798 5153 1853 5189; x_wconf 76' lang='grc' dir='ltr'>π.</span> <span class='ocrx_word' id='word_1_425' title='bbox 1882 5144 1952 5190; x_wconf 88' lang='grc'>15.</span> <span class='ocrx_word' id='word_1_426' title='bbox 2009 5135 2160 5190; x_wconf 73' lang='lat' dir='ltr'>Mon.</span> <span class='ocrx_word' id='word_1_427' title='bbox 2196 5136 2371 5190; x_wconf 73' lang='lat' dir='ltr'>Germ.</span> <span class='ocrx_word' id='word_1_428' title='bbox 2399 5134 2542 5203; x_wconf 78' lang='lat' dir='ltr'>Epp.</span> <span class='ocrx_word' id='word_1_429' title='bbox 2570 5134 2639 5188; x_wconf 92' lang='lat'>11</span> <span class='ocrx_word' id='word_1_430' title='bbox 2662 5142 2764 5188; x_wconf 83' lang='grc'>129.</span> <span class='ocrx_word' id='word_1_431' title='bbox 2787 5163 2850 5172; x_wconf 94' lang='grc'>-</span> <span class='ocrx_word' id='word_1_432' title='bbox 2873 5132 3039 5203; x_wconf 74' lang='lat' dir='ltr'>chq.</span> <span class='ocrx_word' id='word_1_433' title='bbox 3067 5133 3127 5187; x_wconf 93' lang='lat' dir='ltr'>J.</span> <span class='ocrx_word' id='word_1_434' title='bbox 3162 5140 3305 5188; x_wconf 70' lang='lat'>1447.</span> 
     </span>
     <span class='ocr_line' id='line_1_44' title="bbox 424 5222 2123 5278; baseline 0.004 0"><span class='ocrx_word' id='word_1_435' title='bbox 424 5222 542 5278; x_wconf 80' lang='lat' dir='ltr'>JE.</span> <span class='ocrx_word' id='word_1_436' title='bbox 581 5230 718 5277; x_wconf 82' lang='lat'>1657.</span> <span class='ocrx_word' id='word_1_437' title='bbox 2110 5225 2123 5234; x_wconf 84' lang='lat'><strong>‘</strong></span> 
     </span>
    </p>
   </div>
  </div>
 </body>
</html>
