4065 6049
815 447 935 507 150
2160 437 2352 493 Roma»

812 614 890 675 *4
3258 615 3614 698 (741—52)

812 716 1223 780 Zacharias
1269 719 1509 797 statuit,
1567 716 1844 801 „crebris
1887 717 2114 781 diebus
2159 719 2607 784 alimentorum
2660 726 2977 803 sumptus,
3027 739 3192 803 quae
3243 727 3311 782 et
3351 720 3697 803 elymosina

812 841 1013 904 usque
1062 843 1225 883 nunc
1272 822 1654 905 appellatur,
1703 822 1783 886 de
1815 821 2169 886 venerabili
2201 823 2589 907 patriarchio
2636 845 2675 887 a
2719 823 3158 907 paraeellariis
3202 822 3593 907 pauperibus
3636 834 3697 889 et

815 926 1189 1008 peregrinis,
1238 927 1346 1010 qui
1393 925 1476 989 ad
1522 925 1582 989 b.
1617 926 1881 991 Petrum
1929 925 2363 1009 demorantur,
2411 926 2738 1010 deportari
2785 928 3008 1011 eisque
3056 929 3371 1011 erogari“.

1020 1034 1199 1089 Laud.
1239 1036 1302 1087 in
1337 1035 1461 1089 Vita
1496 1035 1799 1089 Zachariae
1832 1036 1978 1102 (Lib.
2009 1037 2211 1105 pontif.
2248 1037 2327 1091 cd.
2368 1037 2649 1090 Duchesne
2688 1037 2727 1090 I
2754 1042 2887 1105 435).
2926 1067 2993 1076 -
3033 1038 3160 1107 Rea.
3197 1038 3306 1093 JE.
3347 1068 3428 1093 —.

1191 1131 1384 1193 Locus,
1434 1131 1527 1186 ubi
1570 1149 1845 1201 pauperes
1883 1135 1942 1186 et
1988 1131 2270 1202 peregrini
2316 1122 2467 1203 apud
2518 1133 2569 1187 b.
2609 1132 2835 1187 Petrum
2883 1132 3188 1202 degebant,
3232 1134 3340 1189 hoc
3386 1154 3429 1188 S.
3454 1134 3703 1205 Gregorii

1021 1217 1423 1274 xenodochium
1460 1217 1628 1275 fuisse
1669 1218 1903 1274 videtur.

1271 1494 1613 1562 Diaconia
1658 1512 1715 1561 s.
1745 1494 2086 1562 silvestri
2131 1495 2341 1561 iuxta
2386 1495 2752 1579 hospitale
2797 1513 2855 1562 s.
2887 1496 3249 1580 Gregorii.

1031 1638 1485 1702 Diaconiarum
1549 1660 1595 1700 e.
1645 1637 1890 1701 Mariae
1952 1644 2017 1701 et
2078 1660 2124 1700 s,
2171 1637 2459 1700 Silvestri
2530 1638 2993 1702 institutionem
3062 1638 3258 1701 Liber
3326 1639 3706 1722 pontificalis

817 1742 1106 1806 attribuit
1163 1748 1229 1805 et
1290 1741 1618 1824 Stephano
1667 1741 1732 1803 Π
1781 1741 1870 1824 (n.
1909 1740 1972 1825 1)
2019 1749 2086 1805 ct
2132 1740 2465 1805 Hadriano
2513 1741 2545 1804 I
2592 1742 2678 1823 (n.
2714 1741 2801 1823 2).
2904 1740 3256 1806 Diaconiae
3312 1766 3364 1813 s.
3400 1743 3706 1819 Silvestri,

817 1868 982 1930 quae
1039 1848 1296 1929 ponitur
1360 1848 1539 1910 iuxta
1596 1844 1656 1909 b.
1691 1845 1957 1909 Petrum
2011 1854 2217 1928 apost.
2280 1848 2520 1909 mentio
2581 1867 2835 1930 quoque
2897 1846 2970 1909 fit
3020 1848 3082 1909 in
3117 1846 3269 1911 Vita
3323 1848 3563 1911 Leonis
3608 1847 3706 1910 ΙΙΙ

817 1950 986 2034 (Lib.
1035 1950 1261 2035 pontif.
1309 1949 1410 2013 ed.
1459 1949 1799 2014 Duchesne
1846 1949 1916 2012 II
1960 1949 2093 2034 22).
2184 1949 2414 2013 Diruta
2472 1956 2568 2012 est
2628 1949 2727 2011 Pii
2772 1949 2867 2013 IV
2900 1949 3294 2033 temporibus
3341 1950 3450 2034 (cf.
3485 1952 3707 2015 Marti-

817 2055 966 2118 nelli
1016 2077 1076 2140 p.
1113 2060 1266 2129 400;
1315 2054 1696 2118 Cancellieri
1739 2054 1839 2117 De
1873 2054 2234 2117 secretariis
2265 2053 2368 2116 III
2410 2058 2600 2128 14943
2648 2053 2983 2118 Armellini
3039 2054 3060 2094 ¹
3086 2077 3147 2139 p.
3183 2058 3337 2131 6143
3388 2056 3503 2140 ²p.
3542 2058 3707 2139 765).

821 2213 901 2273 *1
3263 2210 3623 2294 (752—57)

819 2316 1259 2401 Stephanus
1305 2314 1375 2378 II
1447 2313 1639 2397 „foris
1706 2335 1922 2377 muros
1984 2365 1997 2378 .
2036 2365 2049 2378 .
2107 2336 2290 2378 secus
2349 2314 2678 2378 basilicam
2737 2313 2797 2378 b.
2840 2314 3019 2378 Petri
3083 2320 3291 2399 apost.
3364 2314 3491 2378 duo
3563 2315 3714 2379 fecit

819 2419 1255 2495 xenodochia,
1304 2420 1368 2481 in
1416 2417 1645 2503 quibus
1691 2425 1757 2481 et
1801 2418 1986 2501 plura
2031 2419 2299 2483 contulit
2346 2418 2545 2501 dona,
2592 2441 2758 2503 quae
2818 2426 2884 2482 ct
2930 2419 3197 2484 sociavit
3241 2419 3712 2484 venerabilibus

821 2525 1128 2589 diaconiis
1194 2524 1326 2587 illic
1393 2524 1547 2586 foris
1614 2523 2070 2586 exsistentibus
2143 2525 2512 2609 perenniter
2585 2545 2999 2607 permanere,
3071 2524 3136 2586 id
3205 2533 3304 2588 est
3377 2523 3711 2587 diaconiae

821 2655 867 2693 s.
902 2629 1147 2693 Mariae
1211 2634 1276 2691 et
1346 2625 1405 2689 b.
1450 2625 1770 2709 silvestri,
1835 2648 1919 2690 cx
1989 2628 2342 2711 privilegiis
2409 2627 2781 2711 apostolicis
2845 2629 3215 2711 perenniter
3273 2627 3713 2713 permanenda

820 2732 1153 2798 munivit“.

1030 2833 1211 2890 Laud.
1251 2834 1314 2886 in
1351 2832 1478 2887 Vita
1517 2832 1781 2901 Stephani
1820 2833 1891 2886 11
1920 2832 2068 2901 (Lib.
2100 2834 2303 2901 pontif.
2342 2832 2419 2887 ed.
2460 2832 2747 2888 Duchesne
2785 2834 2822 2887 Ι
2852 2835 2989 2903 441).
3031 2865 3091 2873 -
3133 2834 3261 2902 Ray.
3298 2834 3419 2889 JE.
3457 2864 3542 2888 -.

824 2977 906 3040 *2
3272 2975 3628 3058 (772-95)

821 3081 1262 3145 Hadrianus
1307 3081 1340 3145 I
1402 3081 1767 3165 „constituit
1829 3080 2156 3144 diaconias
2218 3085 2346 3144 tres
2409 3080 2564 3143 foris
2620 3087 2809 3164 porta
2852 3079 2912 3141 b.
2944 3079 3126 3152 Petri
3174 3085 3381 3163 apost.
3434 3129 3447 3141 .
3484 3128 3498 3142 .
3537 3130 3550 3142 .
3600 3100 3715 3142 nec

823 3208 949 3249 non
997 3195 1063 3249 et
1107 3186 1237 3250 alia
1282 3186 1574 3250 diaconia
1621 3208 1680 3270 q.
1730 3207 1876 3268 app.
1927 3207 1973 3248 s.
2010 3184 2301 3249 Silvestri
2348 3207 2513 3269 quae
2561 3186 2818 3268 ponitur
2873 3185 3055 3248 iuxta
3099 3183 3419 3267 hospitale
3466 3206 3514 3246 s.
3552 3182 3712 3247 Gre-

826 3290 1028 3375 gorii“
1081 3299 1200 3355 etc.

1205 3394 1273 3447 ef.
1306 3392 1576 3448 Diaconia
1610 3412 1652 3447 s.
1682 3391 1897 3448 Mariae
1934 3392 1991 3446 in
2029 3391 2313 3446 Hadriano
2350 3411 2401 3444 n.
2432 3392 2478 3446 l.

1488 3667 1832 3736 Diaconia
1877 3685 1933 3735 s,
1967 3667 2236 3734 Mariae
2282 3667 2359 3732 in
2404 3667 2679 3752 „eaput
2725 3666 3063 3752 portici“.
3184 3681 3188 3686 ·

1044 3810 1358 3873 Diaconia
1415 3809 1608 3891 haec,
1666 3816 2025 3872 memorata
2071 3810 2135 3871 in
2165 3809 2335 3873 Vitis
2379 3808 2690 3892 Stephani
2723 3808 2792 3871 II
2839 3809 2926 3890 (n.
2966 3808 3052 3893 1),
3098 3807 3412 3872 Hadriani
3445 3807 3478 3871 I
3523 3807 3615 3893 (n.
3652 3808 3714 3888 2)

828 3923 894 3980 et
938 3916 1175 3979 Leonis
1205 3913 1308 3977 III
1353 3912 1523 3993 (Lib.
1571 3912 1797 3997 pontif.
1847 3913 1946 3976 ed.
1995 3913 2337 3978 Duchesne
2385 3913 2452 3976 11
2508 3918 2603 3977 19.
2654 3916 2766 3976 30:
2836 3912 3131 3977 diaconia
3173 3911 3235 3975 b.
3269 3913 3514 3977 Mariae
3562 3912 3716 3976 foris

825 4026 1015 4105 porta
1060 4018 1119 4082 b.
1154 4019 1334 4083 Petri
1379 4018 1636 4101 apost),
1683 4016 1820 4096 fuit,
1870 4024 1939 4080 ut
1977 4019 2275 4100 opinatur
2305 4018 2649 4082 Duchesne
2694 4016 2763 4101 (l.
2799 4039 2851 4081 c.
2902 4016 2931 4079 I
2967 4021 3090 4080 520
3139 4023 3268 4080 not.
3305 4015 3435 4100 80),
3484 4016 3714 4080 eadem

828 4134 1022 4209 atque
1083 4123 1356 4188 ccclesia
1410 4144 1456 4185 s.
1491 4122 1734 4185 Mariae
1791 4123 1853 4183 in
1911 4123 2243 4202 oratorio,
2292 4144 2457 4206 quae
2507 4128 2605 4185 est
2650 4123 2714 4184 in
2762 4143 2964 4204 „capo
3025 4121 3105 4185 dc
3166 4121 3493 4204 porticu“‚
3541 4123 3715 4185 cuius

826 4229 1068 4293 mentio
1132 4227 1205 4290 fit
1272 4228 1336 4289 in
1401 4226 1639 4289 Leonis
1677 4227 1772 4291 IV
1828 4226 2165 4310 privilegio
2235 4249 2352 4309 pro
2420 4227 2809 4290 monasterio
2879 4248 2925 4289 s.
2977 4224 3234 4289 Martini
3283 4222 3369 4307 (n.
3412 4224 3492 4309 1).
3587 4222 3713 4288 Sed

829 4339 1073 4398 certum
1122 4331 1201 4394 de
1249 4351 1316 4394 re
1365 4337 1812 4414 argumentum
1858 4352 2118 4414 prorsus
2164 4330 2585 4395 desideratur.

828 4491 907 4550 *1
3305 4485 3604 4548 752—57

830 4592 1261 4677 Stephanus
1309 4589 1377 4652 11
1447 4588 1641 4674 „foris
1706 4611 1922 4653 muros
1981 4639 1996 4655 .
2046 4640 2060 4655 .
2127 4612 2310 4655 secus
2375 4590 2703 4656 basilicam
2761 4589 2823 4653 b.
2865 4590 3044 4654 Petri
3113 4485 3319 4672 aposi.
3368 4588 3495 4652 duo
3563 4483 3713 4652 fgeit

831 4694 1277 4761 xenodochia“
1328 4700 1449 4759 etc.

1142 4806 1210 4859 cf.
1239 4803 1509 4859 Diaconia
1544 4824 1584 4860 s,
1613 4802 1865 4858 Silvestri
1902 4823 1953 4858 n.
1984 4805 2027 4859 1.

832 4913 913 4973 *2
3306 4905 3598 4970 772—95

831 5016 1273 5081 Hadrianus
1319 5014 1352 5078 I
1401 5015 1766 5097 „constituit
1812 5014 2137 5078 diaconias
2184 5021 2313 5077 tres
2358 5014 2513 5077 foris
2559 5019 2744 5096 porta
2789 5011 2847 5074 b.
2884 5013 3060 5075 Petri
3107 4907 3345 5095 apost„
3393 5011 3459 5073 id
3504 4909 3706 5073 est)..

835 5122 962 5186 alia
1008 5144 1054 5185 s,
1089 5120 1333 5185 Mariae
1394 5140 1557 5201 quae
1617 5120 1871 5202 ponitur
1918 5120 2072 5182 foris
2118 5123 2305 5202 porta
2349 5117 2408 5180 b.
2442 5119 2619 5181 Petri
2665 5124 2869 5199 apost.
2931 5117 2993 5179 in
3039 5122 3233 5200 caput
3276 5112 3543 5198 portici“
3592 5119 3706 5176 etc.

1209 5231 1276 5286 cf.
1303 5228 1573 5284 Diaconia
1609 5249 1648 5283 S.
1676 5228 1890 5284 Mariae
1928 5229 1983 5283 in
2019 5228 2306 5284 Hadriano
2342 5248 2395 5284 n.
2425 5231 2470 5285 1.
