4065 6049
1509 411 1660 469 Eccl.
1695 431 1737 467 s·
1763 412 1977 468 Mariae
2011 411 2258 467 Maioris.
3244 417 3327 476 55

448 589 528 649 *2
2996 586 3216 647 2—--40

447 694 734 777 Xystus
777 694 881 757 III
926 692 1144 758 condit
1185 691 1516 756 basilicam
1563 714 1611 755 s.
1644 691 1912 775 Mariae,
1959 712 2127 777 quae
2171 690 2255 755 ab
2302 691 2582 775 antiquis
2624 586 3329 775 Liberiiadggnomiiia-

447 797 662 883 batur,
716 799 897 863 iuxta
941 796 1283 862 macellum
1327 794 1603 880 Lybiae,
1650 795 1758 861 ubi
1804 801 1872 861 et
1915 795 2105 861 offert
2150 795 2321 860 dona
2366 802 2431 861 et
2473 795 2911 880 possessiones
2954 794 3330 859 nominatim

445 903 814 968 illustratas.

613 1030 836 1172 εῙιιιιιιι.
879 1030 942 1085 in
989 1028 1114 1084 Vita
1160 1028 1326 1100 xysti
1364 1028 1472 1083 111
1511 1027 1651 1097 (Lib.
1681 1028 1882 1097 pontif.
1917 1027 1993 1082 αι.
2027 1027 2309 1083 Duchoenc
2342 1029 2385 1083 ι
2408 1033 2505 1082 232
2536 998 2638 1096 ³4„-
2687 1028 2983 1082 Mommsen
3025 1042 3081 1094 p.
3125 1030 3229 1093 97).
3267 1055 3331 1063 —

456 1118 588 1190 Rey.
656 1119 726 1173 K.
766 1147 850 1176 -.

787 1230 1211 1300 Inscriptionem
1235 1230 1303 1285 de
1328 1231 1436 1286 hac
1462 1248 1522 1286 re
1546 1229 1667 1286 edd.
1690 1230 1771 1286 De
1796 1228 1954 1285 Rossi
1975 1230 2140 1284 lusor.
2168 1229 2281 1284 chr.
2300 1229 2387 1283 ΙΙ·
2404 1228 2487 1285 71.
2506 1227 2588 1285 98.
2612 1227 2710 1283 139
2724 1247 2738 1292 ;
2763 1224 3057 1282 Armelliui
3080 1230 3100 1260 ²
3120 1244 3175 1297 p.
3194 1223 3325 1289 227;

653 1318 942 1374 Duchesne
978 1318 1016 1372 1.
1044 1335 1090 1373 c.
1127 1318 1150 1372 I
1176 1316 1279 1374 235
1314 1319 1430 1373 not.
1455 1317 1505 1373 2.

457 1514 471 1536 ⁹
525 1516 570 1573 3
2916 1505 3215 1568 432-40

443 1510 732 1698 Xystus
776 1612 880 1677 III
924 1612 1219 1678 concedit
1261 1611 1726 1696 indulgentiam
1768 1612 1954 1677 unius
1999 1613 2149 1676 anni
2196 1617 2264 1677 et
2307 1617 2389 1677 40
2437 1610 2683 1677 dierum
2729 1611 2797 1673 in
2842 1506 2949 1674 die
2996 1505 3330 1673 consegra-

444 1718 639 1783 tionis
681 1715 988 1782 basilicae
1031 1738 1080 1780 s.
1114 1717 1361 1782 Mariae
1407 1714 1671 1780 Maioris
1717 1715 1797 1781 de
1844 1714 2041 1781 Urbe.

653 1844 835 1900 Laud.
871 1844 933 1898 in
966 1844 1124 1899 bullis
1161 1844 1401 1899 Honor-ii
1436 1844 1544 1898 ΙΙΙ
1577 1861 1630 1899 a.
1674 1850 1802 1899 1222
1835 1843 1930 1898 iul.
1958 1851 2017 1899 19
2051 1842 2296 1897 Poemast
2334 1842 2465 1912 Ray.
2494 1849 2656 1907 6876,
2702 1840 2953 1909 Grcqorii
2991 1838 3091 1892 IX
3123 1856 3174 1891 a.
3203 1844 3333 1891 1240

442 1935 592 1999 (testo
629 1931 889 1986 Limnai
913 1948 972 2000 p.
998 1932 1145 2000 107),
1185 1929 1491 1985 Alexandri
1530 1930 1628 1984 IV
1652 1948 1705 1985 a.
1732 1937 1856 1985 1258
1889 1947 2015 1999 auq.
2045 1938 2077 1984 4
2112 1930 2268 1999 (oriy.
2305 1929 2369 1982 in
2401 1928 2548 1982 arch.
2584 1945 2625 1981 s.
2654 1927 2875 1981 Mariae
2917 1924 3190 1994 Maioris),
3233 1922 3333 1977 Ur·

443 2019 577 2073 bani
615 2017 707 2073 IV
733 2035 786 2074 α.
811 2024 937 2073 1262
970 2018 1069 2073 iul.
1104 2024 1166 2073 19
1200 2017 1318 2088 (ib.)
1350 2023 1398 2072 et
1433 2017 1495 2071 in
1530 2016 1749 2072 Nioozai
1783 2015 1878 2071 IV
1910 2033 1964 2071 a.
1999 2022 2129 2072 1288
2171 2032 2296 2084 auy.
2332 2024 2389 2070 11
2433 2014 2678 2070 Potthast
2715 2014 2843 2083 Ray.
2879 2019 3062 2067 22170.
3106 2040 3165 2050 -
3206 2009 3320 2079 Ray

441 2105 560 2161 JK.
601 2136 681 2160 —-.

824 2215 1155 2286 Spurium.

440 2412 483 2473 4
2859 2403 3017 2488 (591
3060 2403 3247 2485 sept.)

443 2514 875 2600 Gregorius
921 2514 953 2577 I
1005 2512 1375 2596 adnuntiat,
1431 2533 1501 2576 se
1561 2516 1749 2576 sexta
1802 2510 1964 2575 feria
2008 2510 2308 2575 veniente
2354 2530 2396 2574 a
2439 2509 2626 2575 titulo
2672 2508 2734 2573 b.
2767 2508 3098 2574 Laurentii
3145 2512 3330 2571 mart.

444 2641 505 2704 q.
540 2639 692 2704 app.
738 2618 1021 2683 Lucinae
1068 2616 1509 2703 egredientem
1565 2614 1647 2679 ad
1692 2613 1753 2678 b.
1787 2614 2055 2680 Petrum
2110 2621 2316 2700 apost.
2365 2614 2833 2698 supplicantem
2894 2633 3037 2677 cum
3081 2611 3335 2695 hymnis

443 2730 512 2787 et
560 2723 823 2787 canticis
867 2719 1303 2807 spiritualibus
1349 2724 1840 2805 properaturum
1887 2740 2049 2783 esse.
2098 2758 2180 2765 —
2226 2717 2641 2783 Sollemnitas
2684 2736 2957 2781 annuae.

654 2849 784 2920 Ray.
818 2849 1030 2919 Groy.I
1058 2848 1144 2904 lib.
1166 2848 1242 2901 II
1264 2864 1346 2916 ep.
1367 2854 1414 2902 2.
1452 2877 1516 2886 -
1561 2845 1708 2902 Εᾶἀ.
1728 2845 2009 2901 Barom‘us
2034 2847 2184 2901 Ami.
2213 2845 2288 2898 ad
2321 2862 2373 2899 α.
2390 2853 2492 2901 590
2524 2861 2566 2900 c.
2589 2852 2666 2900 19.
2727 2842 2782 2898 S.
2810 2842 3051 2913 Gregorii
3086 2844 3168 2898 Μ.
3203 2844 3334 2911 Opp.

440 2934 520 2990 ed.
561 2935 750 2991 Maur.
786 2936 864 2990 II
900 2937 1040 3005 App.
1067 2941 1118 2990 3.
1212 2934 1399 2988 Mami
1435 2934 1532 2988 IX
1567 2940 1712 2989 1084.
1806 2933 1996 3002 Miyne
2032 2932 2345 2987 LXXVII
2380 2938 2516 2987 1329
2548 2949 2604 2986 π.
2628 2938 2677 2987 3.
2770 2932 2925 2985 Mon.
2972 2930 3149 2985 Germ.
3185 2929 3334 2999 Epp.

442 3022 479 3077 1
518 3029 632 3078 102.
686 3052 752 3063 -
807 3023 939 3091 Βσρ.
976 3021 1090 3078 JE.
1128 3028 1263 3078 1153.
1318 3052 1383 3062 —
1431 3019 1621 3075 Huius
1653 3020 1904 3088 epistolae
1936 3009 2223 3089 inscriptio
2267 3024 2346 3075 est
2398 3018 2669 3075 chartula
2711 3037 2856 3089 quae
2891 3018 3104 3074 relecta
3141 3018 3229 3074 est
3265 3017 3357 3080 de,

443 3107 699 3165 laetania
734 3107 943 3166 maiore
978 3109 1036 3164 in
1073 3108 1312 3165 basilica
1346 3112 1576 3165 sanctae
1610 3105 1843 3163 Mariae.

444 3301 484 3365 5
1566 3344 1570 3348 -
2788 3300 2914 3361 603
2956 3317 2999 3360 a
3088 3348 3101 3361 .
3132 3299 3217 3362 29

442 3404 875 3489 Gregorius
919 3404 953 3469 I
999 3406 1227 3470 invitat
1270 3404 1354 3469 ad
1399 3404 1843 3490 septiformem
1888 3403 2272 3487 laetaniam,
2317 3407 2389 3466 ut
2433 3422 2656 3467 omnes
2701 3299 2792 3466 ad
2830 3318 3090 3466 mangi
3134 3298 3333 3485 geile-

443 3510 625 3574 tricis
668 3508 929 3574 Domini
975 3509 1316 3576 ecclesiam
1362 3509 1762 3574 conveniant.
1811 3545 1894 3554 —-
1941 3507 2220 3590 Oportet
2263 3505 2514 3570 fratres.

658 3636 797 3707 Req.
850 3636 1010 3706 (ἔτερ.
1059 3638 1100 3691 I
1140 3636 1223 3693 lib.
1267 3637 1435 3691 XIII
1462 3654 1542 3706 cp.
1582 3642 1628 3690 2.
1668 3668 1731 3675 -
1770 3634 1913 3690 Edd.
1952 3634 2232 3689 Baronius
2268 3637 2416 3687 Ami.
2454 3632 2531 3687 ad
2563 3652 2615 3689 a.
2639 3641 2740 3689 590
2775 3650 2818 3687 c.
2847 3638 2923 3688 13.
2999 3632 3056 3686 S.
3092 3630 3337 3698 Gregorii

445 3723 530 3777 M.
566 3723 702 3792 Opp.
729 3723 806 3779 ed.
834 3725 1022 3779 Maur.
1049 3725 1092 3779 I
1108 3732 1253 3780 1660.
1315 3724 1507 3779 Mami
1543 3723 1606 3778 X
1625 3730 1741 3779 340.
1817 3722 2003 3792 Miync
2041 3720 2327 3777 LXXVI
2343 3728 2479 3777 1311.
2555 3720 2709 3775 Mon.
2748 3720 2921 3775 Germ.
2959 3718 3102 3788 Epp.
3131 3717 3209 3771 II
3224 3723 3333 3772 365.

446 3844 514 3855 -
554 3813 687 3883 Rey.
722 3811 841 3866 JE.
878 3841 962 3867 -.

828 3924 910 3980 De
943 3942 1003 3979 re
1048 3927 1108 3979 et
1149 3923 1220 3979 de
1256 3927 1507 3994 tempore
1557 3923 1628 3979 cf.
1672 3940 1817 3992 quae
1861 3922 2099 3978 adnotat
2137 3922 2194 3976 1..
2221 3922 2295 3977 M.
2320 3921 2634 3977 Hartmann
2677 3919 2736 3974 in
2787 3918 2932 3974 Mon.
2970 3917 3151 3973 Germ.
3189 3916 3331 3986 Epp.

656 4011 707 4066 Il
731 4011 835 4068 365
869 4013 983 4067 not.

443 4223 526 4285 *6
2878 4214 3219 4277 795—816

444 4327 609 4391 Leo
658 4323 760 4388 III
814 4324 1169 4406 constituit,
1222 4329 1292 4387 ut
1351 4323 1414 4385 in
1471 4321 1934 4386 dominicorum
1990 4319 2216 4384 diebus
2259 4319 2362 4383 vel
2409 4320 2473 4382 in
2519 4319 2753 4382 sanctis
2799 4211 3334 4383 sgllemnitatibus

446 4431 659 4494 farum
706 4449 787 4492 ex
832 4432 1102 4513 argento
1149 4428 1330 4491 iuxta
1371 4426 1709 4491 lectorium
1756 4425 2064 4489 consistat
2109 4431 2177 4488 et
2219 4422 2304 4487 ad
2362 4421 2709 4508 legendum
2764 4442 2979 4486 sacras
3024 4422 3334 4488 lectiones

444 4533 706 4598 luminis
750 4531 1159 4615 splendorem
1204 4531 1543 4617 refulgeat.

655 4658 837 4715 Laud.
874 4660 936 4714 in
986 4660 1106 4714 vita
1141 4659 1339 4715 Leonis
1375 4659 1481 4713 111
1506 4657 1650 4727 (Lab.
1680 4657 1884 4727 pontif.
1917 4655 2000 4713 aa.
2036 4656 2315 4712 Dwdwsne
2351 4655 2418 4710 ιι
2435 4657 2539 4725 31).
2575 4683 2640 4695 -
2678 4655 2811 4724 Ray.
2848 4653 2958 4710 ιιι.
2999 4685 3081 4709 -.

446 4850 529 4916 *7
2212 4865 2233 4884 ‘
3049 4845 3219 4909 1153

447 4954 838 5041 Eugenius
882 4954 1007 5038 111,
1054 4975 1196 5019 cum
1244 4953 1325 5019 de
1358 4952 1698 5019 duodecim
1743 4953 1946 5018 unciis
1977 4950 2374 5017 oblationum
2420 4951 2481 5018 b.
2513 4953 2693 5018 Petri
2740 4957 2807 5017 et
2835 4846 3331 5015 minisierioriim

447 5063 580 5123 tres
622 5061 844 5125 uncias
872 5057 1184 5125 ecclesiae
1216 5056 1278 5121 b.
1309 5057 1489 5123 Petri
1522 5059 1926 5142 concesserit,
1974 5056 2056 5124 de
2090 5056 2355 5121 consilio
2386 5056 2652 5122 fratrum
2684 5077 2941 5121 suorum
2988 5053 3070 5119 de
3100 5073 3331 5119 novem

448 5164 650 5228 unciis
710 5165 1064 5230 earundem
1118 5161 1547 5247 oblationum,
1606 5183 1773 5249 quae
1828 5160 1967 5227 sedi
2020 5160 2417 5246 apostolicae
2480 5164 2952 5243 remanserunt,
3015 5157 3327 5223 ecclesiae
