4065 6049
932 433 1080 489 Eccl.
1116 453 1158 488 s.
1197 433 1409 489 Mariae
1447 433 1515 490 de
1553 433 1769 504 Populo
1806 465 1871 474 —
1908 434 2058 489 Mon.
2094 453 2137 489 s.
2174 433 2387 491 Mariae
2423 433 2482 488 in
2521 433 2734 504 Campo
2769 432 2984 488 Martis.
3325 440 3405 502 87

730 610 1079 676 Archivum
1142 610 1357 695 magni
1405 611 1594 695 pretii
1641 631 1785 674 cum
1832 609 2070 674 chartis
2123 609 2273 675 inde
2321 608 2402 674 ab
2448 630 2504 675 a.
2555 613 2680 675 986
2726 610 3033 674 remansit
3076 631 3277 694 usque
3324 610 3408 675 ad

516 739 574 780 a.
617 718 775 781 1872
821 716 886 778 in
932 714 1088 779 sede
1117 712 1510 796 monialium,
1556 710 1665 777 ubi
1709 711 1902 778 hodie
1935 718 2149 778 exstat
2179 712 2507 778 archivum
2539 713 2808 798 regium.
2886 712 3408 798 Congregatioue

516 841 886 905 suppressa,
934 819 1263 883 archivum
1308 838 1436 882 non
1482 818 1858 884 translatum
1906 823 2035 897 est,
2101 824 2173 882 ut
2227 818 2336 883 lex
2403 816 2697 901 volebat,
2766 818 2831 882 in
2897 819 3227 883 archivum
3282 820 3407 884 rei-

516 924 833 1010 publicae,
881 921 995 987 sed
1039 944 1158 1007 per
1201 943 1462 987 manum
1506 923 1823 1006 privatam
1870 923 1931 985 in
1978 921 2191 986 locum
2239 928 2444 987 tutum
2492 922 3000 1005 transmigravit,
3056 922 3164 988 ubi
3211 925 3408 988 ctiam

515 1028 707 1094 hodie
754 1025 1182 1092 absconditur.
1274 1025 1405 1090 Sed
1461 1027 1590 1090 iam
1636 1047 1804 1090 saec.
1850 1026 1987 1090 XII
2034 1048 2136 1091 ex.
2184 1024 2350 1090 duae
2396 1025 2650 1090 litterae
2696 1027 2966 1111 papales
3021 1026 3108 1112 (n.
3143 1034 3179 1091 5
3227 1034 3295 1093 et
3340 1028 3408 1112 6)

517 1158 600 1201 ex
646 1134 962 1200 tabulario
1008 1133 1383 1198 monialium
1429 1134 1817 1197 transierunt
1870 1134 1935 1197 in
1981 1132 2309 1197 archivum
2358 1132 2736 1197 clericorum
2781 1155 2831 1195 s.
2864 1132 3229 1217 Triphonis‚
3279 1134 3407 1218 qui,

514 1241 698 1305 victis
742 1236 1125 1304 monialibus
1169 1238 1236 1302 in
1280 1258 1584 1321 processu
1638 1257 1833 1320 super
1875 1242 2045 1300 statu
2091 1235 2540 1321 parochiarum
2595 1234 2684 1321 (n.
2712 1235 2931 1320 3—9),
2979 1236 3407 1319 obtinuerunt,

514 1350 585 1409 ut
629 1344 884 1407 litterae
931 1342 1082 1407 illae
1127 1342 1256 1405 vim
1302 1361 1484 1405 suam
1530 1341 1918 1405 amitterent.
2009 1339 2184 1405 Istae
2230 1361 2374 1404 cum
2421 1339 2565 1403 aliis
2610 1338 2922 1404 ecclesiae
2969 1362 3016 1404 s.
3066 1339 3409 1425 Triphonis

518 1446 921 1512 documentis
972 1445 1168 1511 hodie
1223 1443 1646 1509 adservantur
1703 1445 1768 1508 in
1826 1444 2087 1510 archivo
2141 1443 2480 1510 Vaticano.
2582 1442 2804 1509 Paene
2868 1465 3092 1509 omnes
3153 1444 3409 1509 chartas

516 1550 912 1634 transcripsit
977 1548 1179 1615 abbas
1245 1549 1322 1614 P.
1365 1550 1441 1613 L.
1484 1547 1785 1633 Galletti,
1853 1550 2308 1634 antiquitatum
2375 1548 2816 1613 Romanarum
2886 1547 3245 1614 indefessus
3310 1551 3408 1614 in-

513 1656 887 1739 vestigator.

718 1861 770 1914 A
815 1883 880 1906 =
917 1858 1070 1929 Orig.
1107 1858 1273 1914 Areh.
1310 1857 1370 1912 di
1418 1857 1470 1912 S.
1505 1856 1687 1912 Maria
1731 1856 1790 1912 in
1837 1857 2048 1930 Campo
2085 1858 2319 1925 Marzio,
2368 1858 2525 1915 cuius
2561 1860 2747 1915 locum
2785 1859 3035 1916 invenire
3072 1878 3182 1916 non
3220 1860 3407 1931 potui;

924 1947 995 2001 cf.
1033 1945 1187 2001 Gott.
1223 1945 1433 2000 Nachr.
1475 1945 1603 2001 1901
1644 1963 1697 2015 p.
1723 1944 1841 2000 240.

721 2035 796 2089 Αι
820 2058 884 2080 ==
922 2032 1076 2103 Orig.
1120 2031 1300 2087 Roma
1348 2031 1512 2087 Arch.
1550 2030 1681 2087 Vat.
1734 2032 2116 2089 Instrumenta
2162 2032 2472 2089 monastica
2520 2033 2650 2103 (ΡΡ.
2691 2032 3092 2105 Agostiniani);
3138 2034 3206 2089 cf.
3253 2034 3407 2089 Gott.

924 2119 1131 2175 Naehr.
1172 2119 1305 2174 1900
1346 2138 1399 2189 p.
1425 2119 1554 2183 391;
1596 2117 1729 2175 1903
1766 2137 1821 2189 p.
1847 2119 1965 2174 520.

725 2207 771 2261 0
820 2230 884 2253 =
925 2205 988 2261 G.
1015 2205 1259 2275 Bonjour
1283 2205 1649 2262 Miscellanea
1673 2206 1781 2260 vol.
1808 2205 1878 2271 11,
1915 2224 1957 2261 s.
1984 2205 2161 2273 XVII,
2201 2205 2378 2262 Roma
2402 2206 2551 2263 Bibl.
2579 2207 2853 2279 Angelica
2889 2206 3006 2263 cod.
3032 2207 3136 2265 630
3161 2206 3231 2275 (Q
3257 2208 3305 2262 2.
3325 2208 3406 2275 2);

921 2291 991 2346 cf.
1029 2291 1184 2347 Gott.
1223 2290 1431 2346 Nachr.
1471 2290 1605 2347 1903
1641 2308 1696 2361 Ρ.
1727 2289 1843 2345 118.

719 2379 778 2433 D
824 2402 887 2424 =
927 2378 1036 2433 Fra
1071 2377 1286 2433 lacinto
1324 2377 1405 2433 De
1443 2375 1638 2432 Nobili
1676 2376 1928 2432 Cronaca
1973 2377 2066 2433 del
2112 2377 2415 2434 monistero
2451 2377 2511 2433 di
2550 2377 2601 2434 S.
2639 2378 2822 2436 Maria
2868 2379 2926 2435 in
2974 2379 3185 2450 Campo
3223 2378 3409 2435 Μαι-κο

923 2483 973 2519 a.
1014 2465 1164 2529 1617,
1202 2465 1381 2520 Roma
1415 2462 1564 2519 Bibl.
1603 2463 1888 2519 Vallicell.
1925 2464 1971 2520 G
1999 2466 2070 2523 50
2103 2484 2157 2521 n.
2180 2466 2267 2521 48.

722 2552 782 2605 E
819 2575 884 2598 =
922 2552 982 2606 P.
1010 2550 1065 2605 L.
1092 2550 1336 2607 Galletti
1361 2550 1549 2616 Varia,
1585 2569 1627 2605 s.
1652 2550 1857 2616 XVIII,
1895 2552 2015 2606 cod.
2042 2551 2173 2608 Vat.
2210 2553 2313 2609 lat.
2338 2552 2476 2609 8039
2500 2553 2546 2608 Β
2586 2571 2639 2623 Ρ.
2666 2553 2720 2608 11
2758 2553 2882 2624 [13¹]
2923 2556 2982 2609 et
3018 2552 3406 2624 Spicilegium,

925 2657 968 2693 s.
995 2637 1200 2704 XVIII,
1239 2639 1358 2694 cod.
1385 2639 1513 2695 Vat.
1551 2637 1651 2693 lat.
1687 2637 1826 2693 8054
1861 2656 1916 2708 Ρ.
1942 2638 1994 2693 11
2034 2638 2182 2710 [Db
2221 2640 2292 2696 cf.
2329 2640 2484 2696 Gott.
2522 2639 2731 2696 Nachr.
2770 2640 2905 2698 1903
2943 2658 2998 2711 Ρ.
3022 2643 3108 2697 25.

727 2829 1016 2895 Iudicem
1063 2829 1304 2895 archivi
1351 2851 1408 2894 a.
1463 2832 1625 2893 1747
1673 2828 2037 2893 confectum
2082 2830 2298 2895 inveni
2352 2830 2418 2893 in
2463 2829 2723 2895 archivo
2770 2853 2818 2895 s.
2865 2829 3055 2895 Pauli
3101 2829 3182 2896 de
3228 2829 3406 2895 Urbe

510 2933 959 3019 (Miscellanea
998 2936 1122 2999 vol.
1158 2937 1281 3000 387
1331 2934 1372 2999 f.
1408 2937 1520 2999 301
1545 2934 1698 3020 sq.):
1746 2933 2011 3019 Spoglio
2045 2956 2081 2999 e
2113 2936 2396 2999 ristretto
2443 2933 2613 3000 delle
2645 2956 3037 3021 pergamene
3084 2934 3190 3000 del
3236 2956 3405 2999 mon.

512 3039 576 3103 di
623 3038 688 3104 S.
722 3040 930 3104 Maria
975 3062 1011 3105 e
1059 3039 1124 3104 di
1170 3038 1234 3104 S.
1270 3038 1586 3125 Gregorio
1633 3038 2042 3105 Nazianzeno
2098 3039 2163 3104 di
2209 3040 2455 3124 Campo
2503 3039 2721 3105 Marzo
2778 3040 2843 3105 di
2886 3039 3101 3106 Roma
3145 3063 3202 3106 a.
3245 3045 3404 3105 1747

510 3142 620 3229 (cf.
669 3143 846 3207 Gott.
891 3142 1129 3209 Nachr.
1184 3146 1347 3208 1900
1394 3165 1456 3228 Ρ.
1508 3143 1674 3227 129).
1773 3142 2100 3229 Excerpta
2155 3150 2221 3209 et
2281 3145 2541 3208 notitias
2596 3166 2680 3210 ex
2743 3145 3002 3210 archivo
3058 3167 3106 3208 s.
3155 3145 3402 3209 Mariae

512 3253 800 3332 sumptas
858 3247 1175 3333 praebent
1233 3246 1374 3313 eod.
1424 3248 1569 3313 Vat.
1615 3247 1808 3313 Barb.
1853 3251 2019 3313 2375
2085 3248 2381 3333 (XXXII
2435 3253 2585 3332 166,
2633 3248 2787 3312 olim
2842 3248 3040 3335 2305)
3087 3271 3136 3312 s.
3177 3247 3404 3323 XVII;

511 3351 651 3415 eod.
684 3351 832 3416 Vat.
880 3352 994 3416 lat.
1044 3354 1211 3417 8263
1259 3373 1308 3415 s.
1341 3351 1504 3416 XVI
1531 3373 1656 3437 sq.:
1703 3352 1779 3417 P.
1811 3354 1886 3416 L.
1920 3351 2191 3417 Galletti
2222 3352 2641 3418 Miscellanea
2676 3375 2725 3417 s.
2758 3352 3011 3436 XVIII,
3057 3352 3182 3416 vol.
3215 3351 3405 3435 VIII,

510 3455 650 3520 cod.
696 3455 845 3520 Vat.
891 3455 1002 3521 lat.
1044 3457 1211 3520 7929
1269 3477 1332 3540 p.
1377 3454 1430 3540 1,
1490 3462 1558 3521 et
1599 3456 1724 3520 vol.
1772 3457 1868 3540 X,
1925 3455 2068 3522 cod.
2110 3457 2257 3522 Vat.
2315 3458 2425 3522 lat.
2472 3459 2632 3522 7931
2711 3457 2754 3522 f.
2798 3459 2879 3522 64
2913 3478 3008 3542 sq.
3068 3455 3178 3541 (cf.
3226 3454 3403 3520 Gott.
3472 3523 3475 3528 ⁴

508 3558 743 3625 Nachr.
798 3562 1067 3644 1903·p.
1101 3562 1204 3623 22.
1252 3561 1356 3624 27.
1404 3559 1536 3646 85).

513 3753 552 3813 1
2929 3753 3058 3814 937
3099 3756 3214 3814 oct.
3250 3754 3291 3813 6

512 3853 615 3918 Ex
658 3853 1114 3938 praeceptione
1159 3854 1448 3918 Leonis
1493 3854 1626 3918 VII
1670 3854 1872 3919 Ursus
1918 3854 2121 3952 abbas
2164 3877 2333 3921 mon.
2368 3879 2417 3921 s.
2450 3856 2586 3921 Viti
2631 3751 2934 3921 concedit
2957 3854 3204 3921 Mariae
3237 3753 3405 3940 q1)1ae

511 3965 579 4022 et
608 3957 904 4022 Mat-ozza
947 3957 1062 4022 rel.
1098 3957 1369 4023 ancillae
1400 3956 1528 4024 Dei
1560 3958 1641 4023 de
1674 3980 1842 4025 mon.
1876 3982 1925 4024 s.
1959 3960 2205 4026 Mariae
2252 3966 2320 4026 et
2350 3983 2398 4026 s.
2433 3960 2731 4046 Gregorii
2779 3983 2840 4046 q.
2877 3981 3027 4044 pon.
3060 3960 3126 4022 in
3155 3958 3403 4044 Campo

511 4062 738 4128 Martis
782 4060 1065 4144 domum,
1114 4062 1178 4125 in
1224 4082 1353 4146 qua
1396 4067 1497 4129 est
1542 4065 1891 4128 oratorium
1938 4087 1987 4129 s.
2037 4065 2384 4148 Theodori,
2430 4067 2613 4130 iuxta
2655 4070 2910 4151 portam
2955 4064 3287 4129 maiorem.

891 4206 940 4245 v.
976 4188 1122 4244 Mon.
1159 4207 1202 4246 s.
1228 4188 1352 4246 Viti
1389 4189 1447 4245 in
1484 4194 1673 4247 monte
1709 4190 1999 4261 Esquilino
2037 4211 2090 4248 n.
2119 4194 2165 4248 1.

512 4329 595 4393 *2
2949 4332 3289 4395 1130—43

513 4434 1024 4498 Innocentius
1069 4432 1139 4496 11
1183 4433 1482 4500 concedit
1511 4435 1853 4502 ecclesiam
1899 4458 1947 4501 s.
1982 4436 2287 4503 Andreae
2333 4437 2416 4503 de
2446 4436 2771 4503 Mortariis
2814 4437 2890 4519 (ἰ.
2916 4333 2971 4501 Ξ.
3004 4334 3406 4502 Μοτωταζίἰε

510 4537 640 4602 sive
685 4536 767 4603 de
810 4535 1281 4620 Marmei-ariis)
1327 4560 1471 4603 cum
1518 4539 1813 4605 omnibus
1858 4541 1987 4606 suis
2031 4542 2455 4626 pertinentiis.

721 4662 902 4719 Laud.
937 4663 1002 4717 in
1034 4680 1090 4719 n.
1118 4670 1199 4719 10.
1240 4695 1303 4703 —
1343 4664 1473 4734 1309.
1511 4663 1619 4721 JL.
1660 4693 1740 4720 -.

894 4776 975 4830 De
1013 4775 1253 4832 eeclesia
1286 4796 1328 4832 s.
1355 4777 1612 4835 Andreae
1649 4780 1718 4834 cf.
1755 4778 2049 4836 Duchesne
2086 4780 2208 4837 Lib.
2253 4782 2454 4852 pontif.
2493 4781 2546 4835 II
2582 4781 2650 4837 39
2685 4784 2800 4836 not.
2824 4780 2911 4836 47.
2950 4809 3013 4821 -
3053 4777 3404 4847 Hyacinthus

722 4863 804 4919 De
841 4861 1144 4918 Nobilibus
1191 4862 1250 4918 in
1300 4863 1562 4920 chronico
1597 4882 1698 4920 suo
1733 4865 1934 4921 laudat
1969 4865 2201 4939 insuper
2235 4867 2491 4924 Urbani
2528 4868 2584 4923 11
2619 4867 2832 4922 bullam
2884 4883 2985 4936 pro
3034 4864 3403 4921 monasterio:

725 4949 982 5016 ¹,Urbano
1020 4950 1072 5004 11
1127 4949 1187 5004 in
1231 4939 1343 5006 mia
1393 4951 1550 5008 bolla
1595 4953 1731 5007 data
1766 4971 2032 5024 appresso
2078 4953 2131 5010 S.
2156 4954 2345 5010 Pietro
2401 4955 2444 5009 li
2480 4955 2547 5010 28
2584 4953 2643 5008 di
2681 4954 2997 5009 Novembre
3035 4953 3219 5007 l'anno
3256 4955 3403 5007 sesto

722 5033 814 5091 del
850 5052 949 5091 suo
985 5034 1333 5106 pontificatO,
1371 5035 1475 5092 che
1511 5037 1571 5092 fu
1608 5038 1697 5093 del
1736 5038 1889 5104 1094,
1927 5038 1981 5095 le
2018 5037 2229 5109 deputo
2266 5041 2352 5094 tre
2387 5038 2604 5104 abbati,
2640 5039 2748 5094 due
2783 5037 2843 5092 in
2880 5037 3057 5092 Roma
3091 5036 3162 5092 ed
3197 5053 3309 5092 uno
3346 5035 3403 5090 in

719 5121 986 5188 Arimini,
1022 5139 1123 5193 per
1165 5120 1380 5193 giudiei
1425 5140 1455 5180 e
1504 5123 1881 5181 conservatori
1926 5123 2011 5179 de’
2061 5125 2146 5179 lor
2181 5124 2428 5193 castelli,
2479 5124 2716 5198 villaggi
2763 5143 2793 5180 e
2839 5122 3221 5195 possessioni*
3296 5121 3404 5178 Sed

722 5225 834 5263 non
868 5197 1100 5265 Urbano
1135 5209 1190 5263 11
1228 5206 1527 5265 tribuenda
1562 5212 1664 5278 est,
1702 5210 1870 5267 immo
1908 5211 2134 5267 Urbano
2163 5209 2257 5266 VI.
