4065 6049
763 426 896 480 VIII
1827 420 2084 476 RERVM
2134 421 2379 478 INDEX.

3342 540 3443 583 m.

768 596 1170 656 Monasterium
1206 615 1248 651 s.
1275 595 1513 668 Agnetis
1549 596 1623 652 ad
1660 596 1782 651 Duo
1820 596 1982 651 furna
2054 637 3273 654 ...............
3379 597 3448 651 53

764 684 1076 742 Ecclesia
1109 703 1153 739 s.
1190 683 1459 739 Mariae
1496 681 1772 738 Maioris
1797 723 3272 741 ..................
3378 685 3447 739 53

764 770 1163 828 Monasterium
1200 790 1242 826 s.
1269 770 1524 825 Andreae
1626 811 1640 825 .
1714 762 1731 824 .’
1800 810 3186 828 .................
3260 814 3277 827 .
3378 773 3449 827 56

764 858 1165 915 nonasterium
1201 875 1272 912 ss.
1298 856 1530 912 Cosmae
1565 859 1626 912 et
1661 854 1923 911 Damiani
1964 896 3271 915 ................
3377 860 3446 914 57

764 944 1167 1001 Monasterium
1201 963 1270 999 ss.
1296 943 1571 998 Hadriani
1606 946 1778 1013 atque
1818 943 2104 999 Laurentii
2228 985 3272 1002 .............
3378 948 3447 1003 58

763 1030 1167 1088 Monasterium
1202 1051 1244 1085 s.
1269 1031 1525 1087 Andreae
1562 1030 1620 1085 in
1657 1029 1892 1085 Exaiulo
1965 1071 3272 1090 ................
3377 1036 3448 1090 58

764 1118 1018 1175 Ecclesia
1051 1138 1094 1174 s.
1122 1116 1509 1173 Pudentianae
1546 1117 1635 1174 tit.
1664 1116 1910 1174 Pastoris
1965 1156 3272 1178 ................
3378 1122 3447 1177 58

765 1204 1165 1262 Monasterium
1201 1223 1241 1259 s.
1272 1203 1561 1260 Laurentii
1597 1203 1655 1259 in
1691 1202 2040 1274 Pauispsrna
2135 1245 3274 1265 ..............
3380 1211 3450 1266 59

764 1292 1015 1348 Ecclesia
1050 1311 1091 1347 s.
1119 1291 1341 1360 Cyriaci
1377 1290 1436 1346 in
1471 1290 1704 1348 thermis
1742 1290 2078 1348 Diocletiani
2144 1333 3273 1350 ..............
3378 1296 3449 1351 60

764 1378 1015 1434 Ecclesia
1050 1398 1091 1433 s,
1116 1378 1398 1433 Susannae
1446 1418 3269 1437 ......................
3378 1384 3442 1438 61

768 1464 1021 1520 Ecclesia
1056 1483 1098 1520 s.
1123 1463 1436 1521 Salvatoris
1472 1464 1541 1521 de
1579 1463 1839 1522 Cornutis
1873 1464 1992 1520 sive
2030 1465 2100 1522 de
2136 1465 2394 1521 Thermis
2486 1506 3275 1524 ..........
3381 1471 3450 1526 62

764 1550 1162 1607 Monasterium
1199 1550 1359 1607 iuxta
1394 1550 1649 1607 Gallinas
1684 1551 1845 1608 albas
1961 1593 3275 1611 ................
3377 1558 3449 1612 62

765 1637 1018 1694 Ecclesia
1052 1658 1121 1694 ss.
1147 1638 1403 1695 Gervasii
1441 1643 1500 1696 et
1536 1638 1779 1694 Protasii
1816 1639 1907 1695 tit.
1932 1638 2202 1696 Vestinae
2310 1681 3273 1698 ............
3378 1644 3449 1699 63

769 1725 1022 1781 Ecclesia
1056 1744 1099 1780 s.
1126 1725 1387 1797 Agathae
1423 1724 1481 1780 in
1518 1725 1736 1781 Subura
1795 1766 3274 1784 ..................
3379 1730 3450 1785 64

767 1811 1019 1868 Ecclesia
1054 1831 1096 1868 s,
1122 1810 1336 1868 Mariae
1373 1812 1568 1868 Novae
1623 1853 3275 1871 ....................
3379 1817 3449 1871 65

767 1898 1021 1954 Ecclesia
1055 1918 1124 1953 ss.
1152 1898 1383 1954 Cosmae
1419 1902 1479 1955 et
1514 1897 1777 1954 Damiani
1811 1898 1869 1953 in
1906 1898 2112 1955 Tribus
2148 1900 2282 1956 fatis
2398 1941 3275 1958 ...........
3381 1904 3450 1959 68

766 1984 1018 2040 Ecclesia
1052 2006 1094 2040 s.
1120 1983 1394 2040 Hadriani
1429 1984 1488 2040 in
1525 1985 1727 2041 Tribus
1764 1985 1897 2041 satis
1968 2026 3275 2047 ................
3380 1990 3450 2043 69

767 2071 1167 2127 Monasterium
1202 2090 1245 2127 s.
1272 2070 1469 2127 Basilii
1542 2113 3274 2131 .....................
3384 2077 3452 2132 70

1705 2192 1974 2262 [REGJO
2010 2197 2099 2249 II.-
2147 2196 2512 2266 TRIVIAEJ

766 2296 1019 2352 Ecclesia
1056 2296 1163 2350 XII
1205 2296 1600 2367 Apostolorum
1628 2337 3276 2356 ....................
3383 2303 3452 2358 70

768 2382 1019 2439 Ecclesia
1053 2402 1093 2438 s.
1122 2382 1407 2452 Abbacyri
1456 2423 3277 2443 ......................
3383 2388 3451 2443 73

766 2468 1019 2525 Ecclesia
1053 2489 1094 2525 s.
1122 2469 1377 2525 Marcelli
1413 2469 1474 2524 in
1500 2468 1609 2524 Via
1645 2470 1767 2525 lata
1884 2511 3276 2531 .................
3385 2475 3452 2530 73

769 2555 1019 2611 Ecclesia
1054 2575 1094 2611 s.
1122 2555 1336 2612 Mariae
1372 2556 1432 2610 in
1470 2554 1580 2612 Via
1616 2556 1738 2612 lata
1798 2597 3277 2619 ..................
3385 2564 3451 2618 77

770 2641 1171 2699 Monasterium
1206 2662 1276 2699 ss.
1303 2640 1526 2712 Cyriaci
1562 2645 1621 2698 et
1657 2641 1882 2698 Nicolai
1918 2642 1976 2698 in
2011 2644 2124 2698 Via
2158 2644 2280 2700 lata
2316 2686 3279 2704 ............
3385 2651 3452 2704 78

1651 2762 1924 2832 [REGIO
1960 2765 2087 2816 111.-
2127 2764 2268 2818 0013
2282 2767 2588 2838 VMNAEJ

769 2865 1170 2922 Monasterium
1206 2885 1275 2921 ss.
1302 2863 1594 2935 Stephani,
1632 2864 1886 2935 Dionysii
1921 2869 1980 2922 et
2015 2864 2274 2924 Silvestri
2322 2910 3278 2929 ............
3386 2875 3450 2930 81

770 2952 1020 3008 Ecclesia
1055 2972 1097 3008 s.
1124 2951 1413 3008 Laurentii
1448 2951 1506 3007 in
1543 2951 1755 3008 Lucina
1809 2994 3282 3013 ..................
3386 2960 3454 3015 83

768 3040 1021 3096 Ecclesia
1057 3059 1101 3096 s,
1128 3038 1304 3095 Blasii
1342 3040 1409 3096 de
1446 3039 1637 3094 Monte
1675 3040 2017 3110 acceptabili
2149 3083 3280 3101 ..............
3387 3049 3456 3102 85

768 3128 1021 3184 Ecclesia
1056 3147 1096 3182 s.
1123 3125 1337 3182 Mariae
1373 3125 1434 3182 in
1470 3126 1681 3197 Aquiro
1718 3167 3282 3192 ...................
3388 3135 3456 3188 85

1581 3247 1851 3317 [REGIO
1884 3247 1996 3304 JV:
2037 3248 2283 3304 GAMPI
2311 3252 2650 3322 MARTISJ

769 3351 1021 3408 Ecclesia
1056 3371 1098 3408 s.
1124 3351 1337 3407 Mariae
1373 3351 1442 3407 de
1478 3351 1696 3421 Populo
1801 3393 3280 3412 ..................
3387 3359 3456 3413 86

772 3437 1171 3494 Monasterium
1208 3458 1251 3493 s.
1276 3438 1488 3493 Mariae
1524 3441 1585 3494 et
1617 3456 1661 3493 s.
1686 3437 1941 3509 Gregorii
1977 3437 2036 3493 in
2073 3439 2286 3510 Campo
2321 3439 2519 3497 Martis
2578 3482 3280 3497 .........
3387 3446 3457 3498 86
3539 3491 3546 3498 s

772 3526 1023 3583 Ecclesia
1059 3545 1100 3582 s.
1128 3525 1351 3581 Nicolai
1388 3526 1456 3582 de
1493 3525 1800 3582 Praefecto
1893 3567 3281 3585 .................
3388 3531 3457 3584 89

1745 3646 2014 3716 [REGJO
2050 3650 2121 3702 V.-
2155 3650 2482 3720 PONTISJ

772 3749 1175 3806 Monasterium
1212 3770 1283 3806 ss.
1309 3751 1564 3807 Andreae
1602 3754 1660 3807 et
1696 3751 1902 3808 Luciae
1938 3770 1991 3821 q.
2029 3770 2162 3823 app.
2201 3753 2406 3809 Renati
2493 3795 2506 3808 .
2579 3793 2592 3807 .
2666 3795 2679 3808 .
2752 3795 2764 3808 .
2793 3777 2802 3790 ¹
2839 3794 3283 3809 ......
3389 3752 3459 3807 89

773 3835 1026 3892 Ecclesia
1059 3856 1101 3891 s.
1128 3836 1431 3908 Triphonis
1548 3877 3284 3896 .....................
3389 3838 3458 3894 90

775 3922 1028 3978 Ecclesia
1062 3942 1102 3979 s,
1132 3923 1280 3980 Celsi
1369 3963 3281 3982 .......................
3385 3927 3457 3980 92

1687 4045 1953 4115 [REGIO
1989 4048 2090 4102 VI.-
2125 4049 2542 4117 PARIONISJ

774 4150 1028 4206 Ecclesia
1063 4169 1104 4205 s.
1132 4150 1420 4207 Laurentii
1457 4151 1514 4206 in
1552 4151 1792 4206 Damaso
1896 4192 3284 4208 .................
3390 4148 3459 4205 93

774 4236 1030 4292 Ecclesia
1064 4257 1107 4292 s.
1133 4238 1382 4294 'rhomae
1419 4237 1477 4292 in
1516 4237 1755 4294 Parione
1801 4278 2421 4294 ........
2459 4295 2474 4309 l
2494 4278 3283 4295 ..........
3386 4236 3458 4292 94

776 4323 1031 4380 Ecclesia
1066 4345 1107 4380 s.
1134 4325 1372 4396 Agnetis
1409 4325 1464 4380 in
1503 4325 1697 4397 Agone
1806 4365 3285 4381 ..................
3386 4326 3455 4379 95

777 4411 1030 4467 Ecclesia
1065 4432 1107 4468 s.
1133 4411 1442 4469 Salvatoris
1478 4412 1547 4468 de
1584 4412 1745 4468 Serra
1799 4452 3281 4469 ..................
3389 4412 3458 4466 96

1664 4534 1934 4604 [REGJO
1981 4536 2116 4590 VII:
2151 4536 2301 4589 ΒΕΘ
2317 4535 2561 4607 VLAEJ

788 4638 1039 4694 Ecclesia
1075 4658 1116 4693 s.
1143 4637 1355 4694 Mariae
1392 4638 1450 4693 in
1486 4638 1826 4695 Monticellis
1896 4676 3289 4695 .................
3393 4637 3463 4691 96

1591 4761 1859 4831 [REGIO
1895 4764 2064 4816 VIII:
2099 4764 2155 4816 S.
2179 4760 2647 4830 EVSTACHILJ

780 4863 1033 4919 Ecclesia
1067 4882 1110 4919 s.
1136 4863 1427 4920 Eustachii
1462 4864 1621 4921 iuxta
1656 4866 1931 4936 templum
1967 4864 2256 4937 Agrippae
2326 4902 3285 4921 ............
3390 4862 3460 4915 96

780 4950 1205 5006 Xenodochium
1242 4950 1300 5005 in
1337 4952 1578 5008 Platana
1638 4988 3285 5008 ....................
3388 4947 3459 5001 98

781 5036 1180 5092 Monasterium
1215 5038 1375 5094 iuxta
1410 5038 1656 5094 thermas
1691 5038 2073 5110 Agrippianas
2155 5075 3285 5094 ..............
3391 5034 3460 5089 98

784 5123 1034 5180 Ecclesia
1069 5144 1111 5180 s.
1138 5125 1447 5182 Salvatoris
1482 5126 1551 5182 de
1588 5125 1837 5196 Cupellis
1896 5162 3283 5182 .................
3391 5120 3460 5176 98

782 5211 1035 5268 Ecclesia
1070 5231 1111 5268 s.
1139 5211 1352 5268 Mariae
1388 5214 1462 5270 ad
1496 5213 1772 5283 Martyres
1808 5248 3284 5269 ..................
3390 5208 3462 5263 99
