4065 6049
731 444 750 501 1
769 442 850 502 96
2080 433 2274 489 Roma.

896 610 1019 665 A²
1046 635 1108 656 =
1149 609 1300 681 Orig.
1339 608 1516 663 Roma
1553 608 1716 663 Arch.
1742 608 1872 663 vat.
1913 608 2061 662 Arm.
2088 608 2168 662 111
2205 609 2303 663 c.1
2338 627 2389 662 n.
2416 609 2501 662 48.
2537 608 2625 663 49.

903 699 984 752 A·
1039 722 1102 743 =
1140 697 1294 767 Orig.
1334 696 1409 751 ib.
1446 697 1595 750 Arm.
1621 696 1698 749 111
1740 715 1784 750 c.
1815 696 1896 749 111
1932 715 1984 750 n.
2008 698 2094 749 25.

904 786 960 839 B
1037 809 1099 830 =
1138 783 1478 839 Montercnzi
1516 784 1831 838 Cameralia
1866 783 1974 838 vol.
2003 784 2070 850 F,
2108 802 2148 835 s.
2177 782 2364 849 XVII,
2403 782 2477 836 ib.
2518 783 2665 837 Arm.
2692 782 2931 837 XXXVI
2968 786 3010 837 t.
3034 784 3091 848 6;
3136 782 3205 836 cf.
3231 782 3384 838 Gott.
3412 781 3621 837 Nachr.

1141 873 1275 929 1900
1312 890 1369 942 p
1397 872 1512 926 122.

729 1000 766 1057 1
2366 993 2779 1059 Tusculano?
2820 998 3104 1078 (1171—
3113 997 3221 1080 72)
3270 1015 3417 1077 any.
3449 998 3532 1058 18

726 1100 1190 1165 Alexander
1233 1100 1335 1163 III
1391 1098 1848 1163 Malebranche
1903 1100 2199 1163 Romano
2260 1100 2413 1163 civi:
2472 1098 2719 1184 obligat
2762 1099 3048 1163 Ariciam
3108 1121 3225 1184 pro
3279 1104 3397 1164 100
3443 1099 3623 1164 libris

728 1206 1109 1269 Provenien.
1165 1242 1237 1250 -
1289 1204 1748 1269 Praesentibus
1793 1205 2042 1268 litteris.
2133 1204 2283 1268 Dat.
2331 1203 2589 1269 Tuscul.
2605 1202 2692 1288 (ἲ)
2748 1208 2822 1267 15
2868 1203 3000 1268 kal.
3048 1211 3271 1289 sept.

935 1319 985 1369 B
1017 1316 1061 1382 f.
1088 1323 1200 1370 421.
1257 1346 1322 1354 -
1378 1315 1483 1370 Ed.
1525 1315 1671 1370 Gott.
1709 1314 1914 1370 Nachr.
1953 1323 2083 1370 1900
2111 1332 2170 1384 p.
2199 1324 2289 1370 176
2323 1332 2376 1368 n.
2409 1321 2475 1370 23
2510 1330 2576 1368 ex
2615 1316 2665 1368 B
2705 1315 2857 1383 (Dat.
2895 1315 3040 1383 Lat.)
3078 1314 3155 1368 ad
3191 1323 3325 1370 1166.
3380 1347 3445 1355 —
3495 1316 3621 1384 Ray.

728 1402 837 1457 JL.
873 1434 957 1456 —.

1111 1496 1237 1551 Non
1276 1496 1622 1559 Laterani,
1660 1496 1756 1550 sed
1794 1495 1983 1566 potius
2018 1495 2394 1551 Tusculani
2448 1496 2745 1567 legendum
2793 1515 2911 1551 esse
2948 1499 3087 1567 puto
3121 1498 3210 1566 (cf.
3239 1496 3297 1551 F.
3324 1499 3625 1556 Schneider

937 1584 993 1638 in
1036 1583 1272 1645 Quellen
1307 1583 1417 1636 und
1457 1584 1850 1653 Forschungen
1888 1583 1965 1637 IX
2000 1583 2037 1638 8
2071 1587 2191 1638 not.
2216 1584 2285 1651 1).

728 1712 773 1771 2
2845 1760 2854 1767 .
3068 1709 3237 1772 1175
3281 1730 3418 1773 nov.
3448 1712 3534 1773 26

731 1809 1146 1875 Malabranca
1205 1809 1540 1874 Romanus
1599 1810 1924 1875 renuntiat
1979 1809 2430 1873 Alexandro
2479 1810 2584 1872 III
2651 1810 2733 1874 de
2779 1815 2904 1876 630
2974 1812 3153 1876 libris
3217 1814 3625 1895 Provenien.,

732 1936 890 1998 quas
935 1914 1026 1977 illi
1073 1913 1364 1995 credidit,
1419 1920 1538 1977 150
1585 1913 1796 1978 librae.
1861 1952 1943 1960 —
2006 1914 2139 1979 Ser.
2188 1913 2269 1978 ab
2315 1913 2542 1978 Ildicio
2589 1915 2800 1979 iudice
2860 1923 2926 1980 et
2968 1918 3154 1981 scrin.
3201 1916 3622 2003 (Anagnino).

939 2026 1036 2080 A’.
1075 2058 1140 2066 -
1181 2025 1291 2082 Ed.
1328 2023 1490 2078 &aaa
1521 2041 1549 2078 e
1581 2024 1698 2080 doc.
1736 2024 1856 2079 νιι
1885 2032 1977 2080 118
2010 2042 2065 2078 n.
2091 2034 2125 2080 s
2158 2041 2223 2078 ex
2247 2025 2342 2078 A'-
2381 2055 2445 2064 -
2486 2025 2612 2094 περ.
2648 2025 2754 2081 JL.
2792 2056 2875 2080 -.

730 2176 773 2231 3
2454 2167 2779 2233 Laterano
2823 2171 3225 2251 (1178-79)
3271 2170 3419 2233 naai.
3455 2172 3536 2232 18

731 2270 1184 2345 Alexander
1227 2270 1332 2333 III
1383 2270 1704 2355 CorradO,
1762 2269 2080 2353 Gregorio
2151 2275 2217 2333 et
2274 2271 2501 2354 Petro,
2569 2271 2714 2334 filiis
2781 2269 3103 2355 quondam
3166 2271 3626 2336 Malabranche

731 2376 1044 2439 Romanis
1089 2374 1358 2439 civibus:
1409 2375 1654 2459 obligat
1699 2382 1973 2439 castrum
2020 2374 2270 2438 Aritiae
2329 2396 2446 2458 pro
2502 2379 2618 2438 100
2666 2374 2773 2437 lib.
2820 2374 3204 2440 Provenien.
3274 2412 3354 2422 —-
3421 2376 3625 2440 Prae-

733 2479 1017 2543 sentibus
1063 2480 1312 2545 litteris.
1402 2479 1551 2543 Dat.
1598 2480 1741 2544 Lat.
1801 2485 1873 2543 15
1920 2478 2051 2543 kal.
2099 2480 2226 2542 iun.

939 2600 1035 2654 Aa
1073 2599 1160 2667 [Β
1193 2605 1235 2670 f·
1263 2599 1413 2671 421].
1453 2630 1517 2639 —
1555 2598 1666 2653 Ea.
1707 2599 1852 2654 θύει.
1889 2598 2088 2653 Naar.
2130 2608 2261 2653 1900
2294 2606 2474 2667 ,1194
2510 2616 2568 2653 n.
2593 2605 2654 2654 31
2690 2615 2754 2653 a
2789 2599 2882 2652 A'.
2919 2628 2984 2638 -
3024 2599 3150 2669 Βῳ.
3189 2600 3296 2654 JL.
3333 2629 3417 2654 —.

740 2743 780 2800 4
2512 2739 2832 2804 Laterano
2881 2739 3277 2823 (1178—79)
3326 2740 3463 2803 iun.
3496 2741 3539 2802 8

732 2842 1191 2907 Alexander
1235 2843 1340 2907 ΙΙΙ
1394 2842 1713 2928 Corrado,
1780 2843 2098 2929 Gregorio
2147 2850 2212 2909 et
2257 2845 2488 2928 Petro,
2551 2844 2697 2907 filiis
2757 2843 3078 2928 quondam
3139 2843 3623 2908 Malabrancae:

738 2948 1003 3010 consilio
1059 2946 1350 3010 Hubaldi
1408 2947 1653 3012 Osticn.
1717 2969 1818 3033 ep.
1882 2961 1947 3012 et
1991 2948 2246 3012 Alberti
2292 2950 2385 3012 tit.
2435 2972 2483 3012 s.
2516 2949 2845 3013 Laurentii
2900 2950 2964 3012 in
3007 2947 3274 3032 Lucina,
3321 2948 3628 3012 Iohannis

737 3054 830 3115 tit.
879 3075 927 3115 s.
962 3052 1193 3135 Marci,
1251 3051 1550 3136 Hugonis
1604 3054 1696 3116 tit.
1757 3075 1805 3116 s.
1851 3053 2205 3117 Clementis
2263 3075 2339 3118 ac
2394 3053 2778 3118 Laborantis
2838 3076 2885 3116 s.
2928 3053 3172 3118 Mariae
3243 3054 3307 3116 in
3360 3054 3628 3117 Porticu

736 3154 943 3236 eard,
992 3155 1287 3220 concedit
1342 3157 1406 3219 in
1466 3155 1725 3220 feudum
1774 3163 2051 3220 castrum
2097 3157 2354 3223 Ariciae
2403 3178 2546 3221 cum
2608 3157 2901 3220 omnibus
2945 3157 3200 3220 iustitiis
3247 3164 3313 3221 et
3356 3177 3626 3223 consue-

735 3257 1059 3323 tudinibus
1105 3260 1454 3324 secundum
1502 3260 2026 3324 consuetudinem
2060 3260 2394 3326 Romanae
2428 3261 2759 3326 ecclesiae.
2807 3298 2889 3307 —
2936 3260 3377 3326 Constantiam
3425 3260 3625 3326 devo-

737 3364 944 3426 tionis.
1035 3363 1185 3427 Dat.
1232 3365 1375 3428 Lat.
1424 3367 1462 3428 6
1510 3363 1594 3427 id.
1642 3366 1769 3428 iun.

945 3483 1039 3536 ΑΙ.
1077 3483 1163 3551 [Β
1193 3484 1234 3549 f.
1263 3485 1404 3552 421J.
1443 3516 1508 3524 —
1557 3483 1662 3538 Ed.
1694 3484 1915 3538 Ilhet'ner
1952 3484 2080 3538 cod.
2116 3484 2248 3553 dipl.
2286 3483 2420 3538 dom.
2446 3489 2596 3552 temp.
2629 3485 2747 3538 124
2782 3501 2838 3540 n.
2862 3491 2925 3539 31
2961 3501 3028 3539 ex
3052 3486 3124 3539 A·
3167 3487 3221 3554 (5
3258 3485 3332 3540 id.
3371 3484 3522 3553 iun.).
3563 3516 3628 3525 ——

739 3569 894 3637 Reyq.
923 3569 1075 3622 Pertz
1110 3569 1173 3622 in
1207 3570 1403 3623 Archiv
1447 3570 1564 3624 V11
1593 3578 1655 3624 21
1689 3576 1738 3625 et
1772 3571 1834 3626 J.
1869 3579 2058 3625 3489a
2094 3576 2155 3624 ut
2190 3570 2387 3624 bullam
2422 3572 2729 3625 Alexandri
2767 3572 2845 3627 II.
2916 3572 3033 3627 JL.
3072 3579 3230 3627 13268
3263 3571 3339 3626 ad
3369 3573 3486 3627 itan.
3511 3581 3557 3627 9.

1751 3891 2054 3959 Romani
2100 3892 2286 3960 cives
2333 3891 2625 3974 singuli.

932 4049 1479 4112 Documentorum
1514 4071 1678 4133 quae
1712 4057 2064 4134 sequuntur
2094 4073 2151 4115 n.
2188 4057 2209 4114 l
2252 4059 2317 4116 et
2350 4056 2387 4114 2
2421 4074 2502 4116 ex
2527 4050 2824 4136 Gregorii
2855 4052 2888 4114 I
2919 4054 3190 4137 registro
3222 4054 3626 4139 sumpsimus,

739 4177 796 4217 n.
832 4159 868 4218 3
918 4176 1000 4218 ex
1048 4155 1316 4238 registro
1349 4153 1622 4216 Honorii
1654 4153 1705 4236 I,
1753 4176 1836 4218 ex
1883 4177 2007 4239 quo
2054 4155 2348 4239 Albinus,
2394 4155 2756 4221 Deusdedit
2801 4164 2868 4220 et
2908 4157 3180 4221 Cencius
3212 4161 3626 4243 transcripse-

738 4265 902 4322 runt.
993 4258 1068 4320 In
1125 4280 1346 4322 eorum
1394 4257 1880 4323 collectionibus
1934 4260 2341 4323 inveniuntur
2396 4260 2599 4324 multa
2665 4282 2746 4324 ex
2800 4263 3206 4346 antiquorum
3253 4264 3625 4346 pontificum

740 4364 1029 4446 registris
1084 4370 1392 4445 excerpta
1448 4365 1618 4427 circa
1671 4362 2294 4427 administrationem
2360 4370 2425 4428 et
2469 4364 2856 4429 locationem
2906 4367 3274 4449 patrimonii
3321 4365 3383 4429 S.
3415 4365 3494 4430 R.
3527 4367 3625 4450 E„

741 4488 1009 4551 quorum
1058 4473 1231 4530 certe
1278 4468 1583 4531 nonnulla
1628 4467 1709 4531 ad
1757 4469 1930 4532 cives
1963 4467 2275 4552 quosdam
2306 4468 2635 4532 Romanos
2680 4471 2875 4533 missa
2906 4470 3178 4533 fuerunt.
3256 4469 3385 4534 Sed
3431 4493 3625 4555 quum

741 4571 1100 4634 accuratior
1153 4570 1514 4655 designatio
1580 4593 1994 4655 personarum
2053 4575 2309 4635 omnino
2359 4571 2787 4651 desideretur,
2858 4575 2948 4636 ita
3012 4581 3085 4636 ut
3128 4573 3316 4637 valde
3364 4574 3625 4638 difficile

741 4676 823 4736 sit
889 4677 1054 4738 inter
1099 4696 1209 4738 eas
1274 4675 1602 4738 Romanos
1666 4677 1837 4739 cives
1906 4675 2331 4760 distinguere,
2407 4676 2823 4759 documenta,
2895 4698 3059 4760 quae
3117 4676 3197 4740 ad
3260 4679 3624 4761 patrimonii

743 4780 805 4842 S.
839 4778 917 4842 R.
952 4779 1027 4842 E.
1097 4780 1160 4841 in
1220 4777 1410 4842 Latio
1457 4778 2077 4843 administrationem
2134 4787 2454 4865 spectant,
2519 4780 2636 4844 sub
2682 4780 2803 4844 hoc
2850 4781 3033 4846 titulo
3078 4783 3339 4865 proprio
3386 4782 3626 4847 referre

741 4883 1083 4946 maluimus
1129 4881 1212 4964 (v.
1245 4883 1526 4966 Latium,
1572 4884 1972 4947 Patrimonia
2018 4884 2081 4946 S.
2112 4884 2192 4948 R.
2226 4884 2349 4965 E.).

957 4987 1376 5072 Privilegium
1422 4988 1778 5052 Alexandri
1826 4988 1894 5051 II
1939 4987 2028 5071 (n.
2064 4989 2130 5073 4)
2188 5011 2305 5072 pro
2360 4988 2665 5051 Albcrico
2711 4987 2911 5071 Cece,
2959 5009 3040 5052 ex
3093 4989 3625 5056 Lateranensium

745 5093 1193 5155 canonicorum
1251 5091 1598 5173 tabulario,
1654 5091 2029 5156 adservatur
2088 5093 2281 5157 hodie
2349 5093 2736 5156 Florentiae.
2851 5091 3161 5178 Reliqua,
3225 5115 3307 5158 ex
3366 5093 3623 5158 archivo

746 5198 937 5260 castri
996 5217 1043 5258 s.
1084 5195 1324 5278 Angeli
1384 5196 1797 5281 deprompta,
1861 5198 2122 5280 negotia
2189 5199 2356 5263 inter
2422 5198 2763 5262 Cameram
2831 5198 3251 5281 apostolicam
3306 5204 3372 5262 et
3414 5198 3627 5261 varios
