4065 6049
731 457 879 514 2001.
915 477 985 515 ss.
1010 458 1190 530 Sergii
1226 461 1287 515 et
1324 458 1500 516 sachi
1536 492 1603 503 -
1640 459 1786 516 Mon.
1821 478 1892 515 ω.
1915 459 2184 519 ,Andreae
2218 463 2279 517 et
2312 459 2569 531 Gregorii
2604 460 2663 516 in
2699 461 2860 517 clivo
2896 461 3107 518 Scauri.
3247 440 3367 528 1o3

1189 752 1701 821 nonasterium
1748 769 1806 822 s.
1851 751 2171 822 Caesarii
2215 752 2303 821 de
2348 753 2660 822 Palatio.

693 892 757 958 S.
807 893 1093 959 Caesarii
1159 892 1488 958 oraculum
1551 892 1762 978 „quod
1829 899 1930 959 est
1995 893 2163 958 intro
2228 892 2592 958 Palatium“
2650 901 3044 960 memoratur
3107 898 3169 960 in
3216 896 3370 961 Vita

481 996 689 1084 Sergii
736 997 769 1060 Ι
815 995 987 1083 (Lib.
1034 997 1261 1084 pontif.
1310 996 1412 1064 ed.
1459 996 1800 1061 Duchesne
1848 996 1881 1059 Ι
1928 1001 2083 1073 371;
2151 997 2513 1062 Mommsen
2557 1019 2619 1082 p.
2654 997 2842 1082 210);
2909 1000 3369 1065 monasterium

477 1125 527 1166 s.
574 1102 864 1167 Caesarii
921 1104 985 1167 in
1028 1102 1283 1168 Palatio
1330 1103 1397 1166 in
1439 1100 1594 1166 Vita
1637 1101 1875 1165 Leonis
1921 1100 2019 1166 IV
2064 1100 2439 1187 (Duchesne
2484 1101 2554 1164 II
2606 1102 2788 1188 114),
2847 1101 3063 1188 ibique
3128 1103 3370 1169 electus

476 1206 598 1271 fuit
641 1205 969 1292 Eugenius
999 1205 1104 1271 III
1149 1205 1218 1292 (l.
1252 1226 1307 1270 c.
1339 1205 1408 1269 11
1439 1204 1614 1291 386).
1680 1203 1832 1269 Fuit
1875 1205 2085 1290 primo
2130 1205 2588 1270 monasterium
2634 1203 3052 1272 Graecorum.
3114 1207 3367 1273 Recen-

480 1316 654 1376 setur
696 1311 864 1375 inter
905 1310 1037 1375 XX
1081 1312 1377 1397 antiquas
1419 1309 1613 1376 Urbis
1644 1307 1956 1374 abbatias.
2025 1309 2128 1374 De
2176 1310 2312 1374 eius
2357 1309 2481 1372 situ
2525 1316 2779 1395 veteres
2809 1318 3103 1375 auctores
3136 1332 3369 1397 magno

480 1413 861 1479 tenebantur
890 1436 1128 1497 errore,
1173 1414 1284 1479 alii
1313 1412 1437 1478 hoc
1478 1435 1528 1476 s.
1561 1411 1848 1478 Caesarii
1894 1411 1974 1477 de
2006 1412 2262 1477 Palatio
2295 1411 2753 1476 monasterium
2799 1412 2883 1477 ad
2914 1415 3370 1479 monasterium

476 1519 821 1584 Corsarum
867 1517 944 1604 (s.
977 1518 1264 1595 Caesarii
1308 1518 1373 1580 in
1418 1514 1702 1601 Turrim)
1747 1516 2137 1600 referentes,
2199 1516 2308 1580 alii
2354 1515 2438 1580 ad
2484 1516 2834 1581 oratorium
2881 1539 2929 1580 s.
2973 1517 3259 1582 Caesarii
3305 1518 3372 1581 in

477 1622 837 1707 Lateranis‚
883 1621 992 1688 ubi
1039 1622 1190 1686 olim
1238 1621 1358 1686 fuit
1402 1621 1791 1685 vestiarium.
1883 1618 2013 1684 Sed
2059 1620 2273 1705 potius
2317 1619 2384 1684 in
2428 1618 2594 1685 colle
2625 1620 2926 1685 Palatino
2972 1620 3145 1686 idem
3177 1622 3367 1685 situm
3436 1648 3443 1657 ¹

477 1726 672 1792 fuisse
716 1727 792 1792 L.
825 1726 1168 1793 Duchesne
1215 1731 1439 1811 aperte
1483 1725 1861 1789 monstravit
1904 1723 2219 1810 (Bulletin
2262 1725 2531 1809 critique
2563 1724 2660 1789 VI
2711 1723 2940 1811 (1885)
2998 1746 3061 1810 p.
3095 1730 3218 1790 417
3244 1747 3369 1810 sq.;

475 1829 703 1894 Nuovo
751 1829 1016 1895 Bullett.
1063 1829 1128 1894 di
1173 1829 1456 1894 archeol.
1491 1830 1660 1894 crist.
1685 1828 1784 1895 VI
1821 1833 1894 1893 17
1922 1851 2050 1915 sq.;
2119 1828 2261 1894 Lib.
2292 1829 2519 1915 pontif.
2553 1828 2586 1891 I
2619 1832 2741 1894 377
2788 1834 2920 1893 not.
2972 1832 3078 1906 123
3146 1828 3215 1893 II
3254 1834 3368 1895 136

474 1940 606 2000 not.
640 1937 752 2012 23;
798 1934 878 1999 cf.
925 1934 1264 2000 Armellini
1316 1934 1339 1974 ¹
1371 1956 1435 2019 p.
1469 1937 1616 2011 187;
1666 1931 1694 1972 ²
1725 1955 1788 2019 p.
1822 1938 1976 2011 5173
2023 1933 2350 1999 Marucchi
2394 1955 2458 2019 p.
2491 1936 2617 1998 262
2640 1931 2787 2019 sq.).

687 2106 789 2172 De
835 2106 1095 2172 archivo
1140 2105 1297 2170 nihil
1344 2104 1669 2171 remansit.
1761 2105 1974 2170 Unum
2021 2104 2505 2190 documentum,
2562 2104 2735 2191 quod
2790 2104 2984 2189 infra,
3041 2127 3123 2172 ex
3178 2104 3371 2170 bullis

474 2232 591 2295 pro
638 2208 912 2275 ecclesia
957 2207 1329 2322 s..Marcelli
1377 2206 1459 2272 de
1506 2206 1683 2273 Urbe
1727 2213 2051 2293 sumptum
2098 2212 2215 2273 est.

476 2389 517 2448 1
2388 2379 2711 2447 Laterano
2757 2381 2927 2444 1166
2969 2380 3159 2463 april.
3197 2384 3280 2445 16

473 2486 770 2553 Alexan
788 2486 922 2551 der
951 2484 1056 2548 III
1085 2483 1384 2551 Ounrado
1417 2484 1795 2570 Maguntino
1826 2484 2108 2570 archiep.
2144 2491 2212 2551 et
2241 2487 2336 2549 tit.
2369 2507 2418 2550 s.
2451 2485 2744 2551 Marcelli
2773 2484 2986 2571 presb.
3013 2485 3187 2551 card.
3213 2491 3365 2552 etc.:

474 2591 809 2656 confirmat
867 2590 1250 2655 sententiam
1304 2610 1347 2653 a
1400 2587 1782 2674 quibusdam
1837 2588 2154 2654 iudicibus
2206 2589 2519 2653 Romanis
2579 2589 2778 2654 latam
2842 2592 2908 2655 in
2953 2610 3147 2655 causa
3203 2591 3370 2654 inter

477 2694 746 2759 clericos
791 2716 840 2758 s.
873 2693 1166 2758 Marcelli
1210 2699 1280 2757 et
1322 2713 1706 2778 yconomum
1751 2698 1819 2759 et
1863 2693 2096 2759 fratres
2141 2715 2191 2758 s.
2225 2692 2513 2759 Caesarii
2546 2691 2627 2759 de
2658 2693 2936 2780 Palatio,
2985 2699 3366 2780 perpetuum

473 2798 573 2863 his
620 2796 943 2863 silentium
988 2798 1343 2882 imponens.

854 2925 903 2965 v.
941 2909 1089 2965 Eccl.
1125 2926 1167 2963 s.
1204 2907 1459 2964 Marcelli
1495 2926 1549 2963 n.
1572 2907 1658 2963 23.

812 3236 1324 3304 nonasterium
1372 3253 1468 3303 ss.
1499 3235 1827 3304 Andreae
1871 3237 1950 3304 et
1991 3236 2333 3319 Gregorii
2376 3237 2454 3303 in
2499 3236 2695 3306 clivo
2740 3236 3018 3306 Scauri.

1422 3356 1563 3426 (San
1600 3356 1868 3429 Gregorio
1904 3357 1962 3413 al
1998 3357 2192 3415 Monte
2230 3357 2425 3427 Celio.)

647 3477 1001 3535 Panciroli
1043 3482 1059 3513 ¹
1099 3497 1154 3549 p.
1179 3478 1408 3549 393sq.;
1447 3481 1548 3548 ¹p.
1574 3477 1778 3548 686⁸q,
1824 3508 1891 3519 —
1938 3476 2330 3534 Martinelli
2366 3496 2422 3548 p.
2451 3477 2549 3534 107
2574 3497 2656 3548 sq.
2700 3507 2765 3519 -
2804 3478 3188 3536 Mittarelli
3223 3480 3366 3536 Ann.

473 3564 720 3621 Camald.
760 3565 784 3619 1
832 3566 900 3621 68
923 3584 1005 3636 sq.
1058 3594 1126 3605 —
1181 3564 1398 3621 Lubin
1442 3583 1499 3637 p.
1523 3565 1642 3622 329.
1697 3598 1763 3607 -
1817 3563 2086 3622 Memorio
2136 3563 2381 3621 storiche
2433 3565 2587 3621 della
2641 3566 2833 3622 chiesa
2876 3565 2946 3622 ed
2991 3566 3231 3623 abbazia
3274 3566 3365 3623 dei

474 3652 563 3706 SS.
589 3652 812 3708 Andrea
846 3670 876 3708 e
913 3649 1182 3723 Gregorio
1217 3652 1274 3707 al
1300 3650 1448 3707 clivo
1484 3651 1543 3706 di
1567 3650 1773 3708 Scauro
1798 3651 1885 3706 sul
1910 3651 1984 3706 M.
2011 3650 2185 3718 Celio,
2224 3651 2402 3707 Roma
2425 3651 2572 3708 Bibl.
2597 3651 2878 3709 Vallicell.
2920 3653 2966 3716 Q
3004 3654 3072 3709 74
3108 3655 3143 3709 f.
3166 3654 3266 3709 114
3284 3671 3366 3723 sq.

473 3768 541 3778 —
601 3738 834 3807 Nibby
880 3738 907 3792 1
954 3738 1157 3808 2⁴79sq.
1209 3766 1276 3779 —
1331 3738 1649 3795 Forcella
1693 3738 1748 3792 11
1791 3739 1960 3808 950q.
2012 3770 2080 3781 -
2135 3736 2504 3794 Armellini
2554 3740 2572 3773 ¹
2609 3757 2666 3810 p.
2690 3739 2818 3803 29Ο;
2883 3742 2906 3773 ²
2945 3757 3000 3810 p.
3040 3741 3242 3810 5132q.
3297 3772 3363 3782 —

476 3826 539 3880 A.
588 3822 848 3879 Gibelli
920 3823 1185 3881 Memorie
1244 3823 1488 3882 storiche
1546 3826 1614 3882 ed
1674 3823 1970 3883 artistiche
2029 3824 2163 3880 dell’
2221 3823 2616 3881 antichissima
2674 3825 2865 3882 chiesa
2921 3825 3217 3882 abbatiale
3274 3825 3367 3882 dei

475 3911 565 3966 SS.
587 3910 810 3966 Andrea
844 3927 876 3967 e
912 3910 1178 3982 Gregorio
1214 3910 1269 3966 al
1306 3910 1455 3966 clivo
1490 3910 1549 3966 di
1585 3911 1792 3968 Scauro
1829 3911 1917 3967 sul
1954 3911 2148 3967 Monte
2188 3909 2345 3967 Celio
2381 3910 2569 3981 (Siena
2596 3911 2769 3981 1888).
2806 3945 2872 3954 —
2909 3912 2969 3968 F.
2995 3911 3368 3969 Cristofori

476 3996 742 4053 Memorio
785 3997 1214 4069 archeologiche
1256 4014 1288 4054 e
1332 3997 1821 4055 storico·critiche
1856 3998 2009 4055 della
2045 3997 2236 4055 chiesa
2270 3997 2361 4055 dei
2399 3996 2490 4054 SS.
2514 3997 2739 4055 Andrea
2773 4015 2804 4054 e
2828 3998 3094 4070 Gregorio
3131 3999 3189 4055 al
3214 3998 3366 4055 clivo

478 4083 537 4139 di
570 4083 776 4140 Scauro
814 4082 1005 4153 (Siena
1043 4083 1176 4141 1888
1211 4087 1271 4140 et
1306 4085 1367 4140 in
1403 4084 1768 4143 Miscellanea
1802 4085 2013 4142 storica
2036 4085 2292 4142 Romana
2326 4085 2400 4140 od
2421 4084 2689 4141 Archivio
2725 4085 2784 4139 di
2819 4084 2995 4142 storia
3018 4085 3365 4143 medioevale

478 4170 547 4226 ed
583 4168 968 4227 ecclesiastica
1003 4170 1045 4226 1.
1083 4170 1181 4226 111.
1218 4169 1314 4238 JV,
1351 4171 1531 4228 Roma
1570 4171 1742 4239 1888).
1777 4199 1846 4211 —
1881 4172 1946 4227 A.
1971 4169 2235 4227 Gibelli
2270 4169 2525 4228 L'antico
2559 4174 2874 4228 monastero
2909 4171 3105 4228 de’SS.
3145 4174 3366 4229 Andrea

477 4273 508 4311 e
544 4256 812 4326 Gregorio
845 4257 902 4313 al
939 4256 1086 4313 clivo
1123 4255 1181 4312 di
1218 4255 1425 4314 Scauro
1460 4258 1546 4312 sul
1584 4257 1775 4313 Monte
1811 4255 1964 4313 Celio
2001 4256 2243 4324 (Faenza
2280 4258 2452 4327 1892).
2507 4288 2572 4298 -
2629 4255 2673 4314 1.
2715 4255 2952 4314 Carini
2998 4257 3365 4314 Cronichetta

473 4342 690 4399 inedita
724 4343 816 4398 del
859 4347 1174 4399 monastero
1218 4343 1277 4399 di
1311 4343 1466 4400 Sant’
1504 4343 1727 4399 Andrea
1760 4343 1834 4398 ad
1870 4342 2091 4400 Olivum
2125 4343 2320 4399 Scauri
2362 4341 2423 4399 in
2459 4344 2508 4399 11
2543 4343 2816 4400 Muratori
2854 4343 2908 4398 11
2953 4344 3153 4411 (Roma
3193 4345 3362 4414 1893).

475 4462 540 4472 -
579 4429 643 4484 G.
670 4428 967 4486 Cascioli
1005 4430 1268 4486 Memorio
1304 4429 1548 4504 storiche
1585 4428 1643 4484 di
1681 4427 1803 4485 Poli
1841 4429 2044 4499 (Roma
2072 4429 2240 4499 1896).
2266 4462 2333 4471 -
2367 4429 2436 4484 Η.
2463 4429 2707 4486 Grisar
2740 4428 2799 4485 in
2836 4429 3050 4488 Civilta
3074 4430 3362 4499 cattolica,

472 4516 693 4588 Giugno
721 4516 868 4573 1902.
914 4548 979 4559 -
1036 4516 1098 4573 Ο.
1124 4516 1303 4573 Iozzi
1341 4519 1424 4585 [Δ.
1458 4514 1687 4587 Gibelli]
1726 4515 1807 4572 La
1830 4516 2148 4572 veneranda
2182 4516 2374 4574 antica
2399 4515 2591 4574 chiesa
2626 4516 2685 4573 di
2710 4516 2763 4575 S.
2790 4517 3010 4574 Andrea
3041 4535 3073 4575 e
3095 4517 3362 4590 Gregorio

472 4604 527 4659 al
566 4602 722 4660 Celio
755 4602 956 4674 (Roma
993 4603 1163 4672 1902).
1200 4636 1266 4645 ——
1303 4602 1657 4659 Marncchi
1692 4620 1746 4673 p.
1772 4603 1875 4659 212
1894 4621 1976 4673 sq.

686 4795 1206 4862 vetustissimum
1266 4795 1390 4861 hoc
1448 4797 1935 4881 monasterium,
2002 4795 2179 4882 quod
2245 4795 2607 4862 celebratur
2658 4798 2827 4862 inter
2880 4797 3011 4863 XX
3065 4800 3362 4884 antiquas

472 4899 766 4966 abbatias
795 4899 1009 4985 Urbis,
1055 4899 1380 4965 conditum
1411 4920 1452 4964 a
1483 4899 1800 4986 Gregorio
1830 4901 2092 4988 Magno,
2138 4900 2349 4967 adhuc
2371 4900 2559 4985 laice,
2605 4902 2670 4965 in
2710 4900 2902 4966 domo
2934 4923 3069 4984 sua,
3115 4924 3174 4967 a.
3212 4907 3360 4986 575,

470 5011 544 5068 ut
580 5003 807 5070 ‘credit
847 5002 1157 5069 Mabillon
1219 5002 1415 5091 (Ann.
1462 5004 1707 5072 Bened.
1755 5003 1839 5071 ad
1884 5027 1942 5071 a.
1985 5004 2163 5090 575),
2217 5027 2277 5071 a.
2325 5008 2479 5087 581,
2533 5011 2605 5070 ut
2660 5005 2989 5071 contendit
3044 5006 3362 5071 Batonius

475 5108 671 5192 (Ann.
717 5108 803 5174 ad
846 5131 904 5174 a.
953 5107 1128 5194 581),
1174 5106 1256 5173 ab
1303 5129 1380 5174 co
1426 5108 1609 5195 larga
1654 5108 1997 5175 donatione
2044 5109 2167 5175 fuit
2208 5111 2583 5174 instructum
2628 5108 2736 5195 (cf.
2771 5110 3127 5175 chartulam
3159 5109 3357 5174 dona-

475 5212 665 5277 tionis
708 5235 767 5279 a.
803 5216 926 5280 587
976 5210 1114 5278 dcc.
1148 5214 1230 5278 28
1275 5232 1380 5297 ap.
1411 5211 1745 5278 Mittarelli
1787 5214 1956 5278 Ann.
1989 5212 2283 5280 Camald.
2314 5212 2412 5279 IV
2455 5213 2627 5300 App.
2659 5235 2723 5299 p.
2757 5217 2882 5279 600
2914 5235 2976 5278 n.
3018 5218 3037 5277 1
3067 5237 3083 5290 ;
3128 5214 3361 5281 Marini
