4065 6049
752 497 773 555 1
791 492 829 555 8
2102 487 2295 541 Roma.

960 664 1126 739 Quin
1196 665 1349 728 olim
1414 665 1743 729 archivum
1799 663 2346 748 orphanotrophei
2410 663 2757 745 exstiterit,
2821 663 2975 727 licet
3039 663 3334 728 notitiam
3396 662 3640 727 nullam

743 768 1084 851 habemus,
1162 768 1423 834 dubium
1481 791 1605 833 non
1661 775 1776 833 est.
1867 768 2221 852 Privilegia
2277 767 2596 851 quaedam
2651 765 2737 831 ad
2781 766 3068 832 scholam
3114 774 3447 833 cantorum
3493 788 3642 851 per-

742 875 1011 939 tinentia
1067 873 1488 939 adservantur
1552 875 1616 937 in
1671 873 1928 938 archivo
1998 874 2188 937 castri
2244 895 2292 935 s.
2340 872 2579 957 Angeli
2623 871 2804 936 Arm.
2868 872 2919 937 O
2990 870 3101 958 (cf.
3162 870 3341 937 Giitt.
3400 871 3642 936 Nachr.

747 980 911 1041 1900
958 1000 1019 1062 p.
1060 978 1228 1060 119).
1263 1014 1340 1025 -
1390 978 1490 1043 De
1524 976 1834 1042 hodierno
1868 984 2199 1042 cantorum
2231 976 2489 1040 archivo
2522 974 2603 1041 cf.
2635 974 2720 1039 H.
2750 974 3152 1065 Pogatscher
3181 997 3284 1059 ap.
3317 974 3394 1039 E.
3429 974 3642 1041 Stein-

741 1101 934 1145 mann
980 1081 1105 1147 Die
1151 1081 1538 1147 Sixtinische
1584 1082 1861 1165 Kapelle
1909 1082 1942 1145 I
1986 1080 2339 1165 (Miinchen
2393 1079 2582 1164 1901)
2630 1084 2754 1145 666
2787 1102 2883 1164 sq.

948 1195 1000 1246 A
1046 1216 1109 1239 =
1149 1192 1301 1263 Orig.
1340 1193 1518 1247 Roma
1554 1192 1718 1248 Arch.
1746 1193 1876 1247 Vat.
1905 1193 2053 1247 Arm.
2083 1192 2124 1247 C
2165 1191 2297 1245 fase.
2323 1190 2429 1245 XII
2467 1209 2519 1246 n.
2548 1191 2630 1245 10.

745 1302 780 1360 1
3343 1335 3425 1345 ....
3470 1333 3557 1344 .-

741 1398 761 1487 [
768 1449 1178 1465 ......
1184 1399 1205 1488 ]
1253 1403 1530 1468 restituit
1577 1402 2058 1487 orfanotrophio
2111 1400 2432 1487 quendam
2476 1400 2762 1465 fundum.
2812 1439 2893 1447 ——
2941 1399 3271 1466 Summam
3320 1407 3643 1486 gerentes,

949 1512 1071 1567 Lib.
1110 1513 1296 1569 diurn.
1331 1514 1375 1579 s.
1406 1513 1643 1568 XCVII
1669 1513 1772 1580 (ed.
1810 1512 1980 1567 Sic-leel
2011 1528 2062 1581 p.
2097 1517 2225 1582 127).
2264 1541 2331 1552 -·
2369 1512 2499 1580 Req.
2526 1510 2644 1567 JE.
2683 1541 2765 1565 —.

1123 1608 1226 1663 Cui
1262 1609 1513 1680 pontifici
1552 1609 1789 1664 formula
1824 1609 1965 1664 haec
2019 1626 2087 1663 ex
2122 1607 2245 1678 ipso
2280 1605 2584 1677 privilegio
2619 1608 2846 1675 sumpta
2881 1604 3247 1662 attribuenda
3282 1606 3380 1673 sit,
3419 1624 3646 1678 prorsus

947 1712 1285 1765 lgnoramus.

738 1800 785 1861 2
2933 1798 3062 1861 919
3103 1797 3204 1882 (ἓ)
3247 1797 3438 1881 april.
3467 1800 3554 1864 25

740 1903 1014 1970 Iubente
1060 1905 1402 1971 Iohanne
1448 1903 1611 1990 X(?)
1660 1905 1980 1970 Iohannes
2012 1903 2296 1969 subdiac.
2331 1903 2394 1968 S.
2428 1903 2508 1968 R.
2540 1902 2615 1968 E.
2650 1910 2717 1968 et
2745 1903 3147 1987 primicerius
3192 1903 3455 1969 scholae
3487 1925 3640 1970 can-

740 2015 950 2073 torum
1012 2031 1073 2095 q.
1127 2031 1277 2095 app.
1337 2009 1839 2094 orphanotropio
1898 2008 2193 2074 concedit
2251 2008 2470 2072 Merco
2528 2004 2920 2091 archipresb.
2968 2012 3090 2072 etc.
3137 2013 3377 2072 terram
3434 2029 3638 2094 quan-

744 2112 895 2178 dam
942 2111 1382 2179 conductionis
1427 2113 1632 2179 titulo,

945 2241 989 2279 v.
1025 2224 1266 2279 chartam
1312 2225 1373 2279 in
1420 2225 1557 2294 Rey.
1601 2223 1878 2278 Sublacen.
1925 2240 1966 2278 s.
1997 2221 2136 2277 XII
2169 2221 2212 2287 s.
2241 2226 2340 2277 137
2372 2220 2518 2289 (edd.
2555 2221 2838 2276 Mamm-2·
2871 2221 3060 2290 Απιίᾳ.
3088 2221 3309 2277 111237
3337 2221 3414 2278 ad
3445 2239 3499 2278 a.
3525 2228 3640 2279 934.

746 2309 965 2365 Galloni
990 2327 1049 2379 p.
1077 2317 1169 2366 192
1206 2328 1261 2366 n.
1293 2319 1333 2365 7.
1393 2310 1653 2365 Limam'
1693 2310 1826 2380 Opp.
1855 2308 1952 2364 IV
1969 2317 2039 2364 47
2067 2326 2124 2363 η.
2146 2317 2218 2364 11.
2274 2308 2460 2363 Auodi
2492 2325 2519 2363 e
2553 2308 2682 2363 Levi
2718 2308 2779 2363 Π
2810 2324 2914 2378 roy.
2939 2308 3219 2365 Suablacm
3248 2326 3309 2378 p.
3328 2315 3422 2365 159
3453 2316 3637 2366 n.112.

738 2426 801 2437 -
846 2396 1013 2468 Reqy.
1056 2396 1246 2466 Gioryi
1284 2397 1354 2450 11
1381 2412 1436 2464 p.
1465 2396 1641 2452 CXV.
1718 2396 1965 2451 Foderioi
1997 2396 2130 2451 Doc.
2174 2395 2454 2450 Sublacen.
2490 2412 2548 2450 n.
2574 2404 2638 2450 41
2673 2394 2746 2449 ad
2778 2400 2882 2451 934
2915 2396 3074 2464 april.
3100 2399 3210 2466 23).
3247 2428 3313 2436 —
3349 2396 3456 2451 JL.
3494 2425 3577 2452 -.

736 2521 781 2580 3
2547 2518 2813 2600 Anaym'
2854 2519 3262 2601 (1160—76)
3306 2517 3420 2585 iul.
3471 2521 3555 2582 16

740 2622 1178 2689 Alexander
1221 2623 1327 2687 ΠΙ
1386 2624 1751 2708 primicerio
1816 2630 1883 2688 et
1940 2623 2189 2687 clericis
2234 2623 2495 2688 scholae
2543 2630 2908 2688 cantorum:
2962 2623 3260 2707 mandat,
3323 2629 3641 2709 quatenus

738 2725 821 2791 de
884 2734 1102 2791 cetero
1158 2728 1223 2791 in
1270 2726 1434 2793 festo
1481 2727 1541 2791 b.
1594 2725 1816 2792 Iacchi
1862 2729 2204 2793 stationem
2253 2730 2314 2793 in
2363 2729 2637 2793 ecclesia
2681 2727 2816 2791 XII
2864 2729 3328 2813 Apostolorum
3375 2728 3639 2794 faciant.

1119 2867 1166 2902 v.
1204 2847 1352 2903 Eccl.
1379 2848 1484 2902 XII
1526 2849 1917 2919 Apostolorum
1955 2869 2006 2903 n.
2035 2850 2084 2904 6.

743 2956 785 3014 4
2692 2955 3021 3019 Laterano
3068 2955 3239 3018 1192
3282 2961 3435 3038 sept.
3473 2960 3558 3021 17

736 3056 1183 3123 Celestinus
1230 3058 1334 3123 III
1388 3059 1658 3124 Iohanni
1715 3059 2079 3144 primicerio
2143 3066 2208 3124 et
2265 3060 2511 3125 clericis
2557 3060 2818 3125 scholae
2865 3065 3197 3124 cantorum
3242 3059 3438 3126 Urbis
3484 3070 3638 3126 etc.:

737 3160 1052 3246 concedit,
1082 3169 1155 3226 ut
1186 3163 1247 3226 in
1282 3159 1642 3227 divinorum
1682 3163 2038 3228 officiorum
2075 3162 2616 3228 celebrationibus
2647 3163 2763 3228 sub
2794 3163 3067 3228 honesto
3099 3162 3326 3228 habitu
3355 3164 3639 3230 Domino

738 3266 985 3349 possint
1017 3264 1314 3329 famulari
1347 3271 1414 3330 et
1442 3271 1575 3330 tam
1608 3266 2043 3352 superpelitiis
2090 3289 2282 3352 quam
2330 3267 2552 3352 cappis
2597 3266 2792 3351 indui,
2845 3270 2921 3331 12
2969 3266 3166 3332 libras
3205 3266 3415 3333 bonae
3462 3289 3640 3332 com·-

737 3371 945 3433 munis
990 3376 1291 3435 monetae
1338 3368 1533 3433 Urbis
1579 3369 1660 3435 de
1720 3369 2150 3435 oblationibus
2195 3372 2417 3436 altaris
2461 3371 2522 3436 b.
2564 3371 2773 3455 Petri,
2819 3371 3241 3437 medietatem
3286 3373 3351 3435 in
3390 3372 3640 3437 Ascen-

741 3473 923 3537 sione
954 3472 1216 3538 Domini
1262 3479 1330 3538 et
1372 3472 1791 3538 medietatem
1837 3476 1903 3537 in
1948 3474 2114 3538 festo
2164 3474 2587 3540 dedicationis
2632 3474 2922 3540 eiusdem
2967 3474 3295 3540 basilicae.
3341 3513 3426 3523 ——
3473 3475 3640 3541 Oum

737 3578 917 3641 iuxta
972 3577 1323 3662 antiquam.
1428 3574 1569 3662 Ego
1624 3575 1986 3642 Oelestinus
2043 3584 2164 3643 etc.
2255 3577 2509 3643 Subscr.
2581 3583 2655 3643 17
2715 3578 2887 3643 card.
2999 3579 3150 3644 Dat.
3222 3580 3367 3645 Lat.
3434 3603 3498 3666 p.
3553 3601 3639 3647 m.

734 3679 950 3765 Egidii
996 3702 1046 3746 s.
1078 3679 1377 3745 Nicholai
1422 3681 1487 3744 in
1533 3701 1791 3746 carcere
1839 3679 2136 3745 Tulliano
2183 3680 2346 3746 diac.
2395 3681 2599 3765 card.,
2666 3689 2742 3747 15
2790 3683 2922 3747 kal.
2970 3690 3123 3767 oct„
3181 3683 3311 3747 ind.
3353 3689 3462 3766 11,
3517 3684 3638 3748 inc.

734 3783 796 3849 d.
844 3806 901 3849 a.
941 3787 1127 3870 1192,
1173 3791 1349 3868 pont.
1399 3805 1457 3848 v.
1491 3783 1552 3848 d.
1601 3784 1909 3849 Celcstini
1954 3806 2062 3868 pp.
2098 3783 2201 3848 III
2249 3806 2306 3850 a.
2342 3787 2401 3849 2.

941 3897 987 3948 A
1028 3895 1191 3964 (inter
1232 3894 1481 3950 Calatini
1504 3893 1553 3947 V
1573 3893 1895 3961 fflzdleyia).
1935 3925 2001 3935 —
2040 3894 2150 3949 Ed.
2190 3895 2560 3964 Bawmyarten
2593 3912 2645 3964 p.
2672 3904 2706 3949 4
2742 3913 2800 3951 n.
2831 3906 2870 3952 1.
2907 3926 2971 3937 --
3013 3896 3140 3966 Ray.
3166 3897 3274 3953 JL.
3311 3928 3395 3954 --.

1970 4136 2402 4204 vestararii.

946 4275 1104 4331 Dom.
1142 4274 1378 4346 Giorgi
1415 4274 1496 4330 De
1521 4274 1759 4347 liturgia
1783 4275 1940 4331 Rom.
1965 4281 2124 4347 pont.
2150 4277 2172 4330 I
2199 4277 2266 4330 35
2292 4294 2372 4346 sq.
2398 4306 2463 4317 —
2503 4277 2562 4332 P.
2589 4277 2646 4332 L.
2674 4276 2802 4332 Gal
2820 4276 2985 4333 letti
3022 4276 3123 4332 Del
3151 4277 3460 4334 vestarario
3486 4278 3638 4334 della

734 4367 902 4418 santa
938 4361 1190 4417 Romana
1237 4362 1426 4418 chiesa
1471 4363 1714 4420 discorso
1753 4364 1838 4431 (In
1875 4362 2054 4418 Roma
2093 4365 2265 4428 1758).
2311 4393 2376 4404 —
2424 4363 2510 4419 Fr.
2550 4363 2982 4420 Cancellieri
3031 4362 3113 4418 De
3162 4364 3482 4420 secretariis
3517 4365 3635 4419 bas.

736 4447 1054 4505 Vaticanae
1092 4448 1115 4502 1
1152 4447 1255 4503 333
1281 4465 1361 4516 sq.
1408 4478 1468 4486 —
1509 4447 1570 4503 L.
1604 4448 1960 4503 Duchesne
1996 4447 2072 4503 Le
2111 4447 2253 4503 liber
2290 4447 2631 4518 pontificalis
2667 4448 2691 4502 1
2728 4467 2782 4519 p.
2812 4447 3082 4503 CCXLllI
3105 4466 3186 4518 sq.
3224 4479 3290 4488 —
3329 4448 3485 4503 Cous.
3521 4450 3632 4504 Me-

735 4535 969 4592 moriale
1017 4533 1388 4591 familiarium
1441 4537 1499 4590 et
1548 4533 1873 4590 officialium
1909 4534 2068 4589 Rom.
2113 4534 2369 4605 pontifici
2418 4535 2852 4591 deservientium
2905 4553 2956 4591 a.
2993 4534 3129 4590 1409
3174 4533 3317 4600 (edd.
3359 4535 3631 4589 Muratori

732 4624 845 4678 Ser.
887 4621 1020 4676 111b
1055 4621 1160 4677 810
1192 4639 1298 4690 sq.;
1354 4621 1471 4677 Ioh.
1510 4623 1677 4692 Bapt.
1715 4620 1945 4676 Gattico
1987 4623 2132 4675 Acta
2180 4623 2393 4678 selecta
2439 4620 2872 4678 caeremonialia
2916 4622 2970 4678 S.
3008 4623 3072 4676 R..
3103 4620 3166 4676 E.
3204 4621 3435 4688 (Romae
3476 4622 3636 4690 1753)

733 4710 756 4764 Ι
783 4708 980 4778 263811.
1017 4713 1077 4764 et
1114 4708 1181 4763 H.
1209 4707 1554 4778 Pogatscher
1594 4709 1629 4763 l.
1674 4726 1720 4763 c.
1748 4708 1771 4762 1
1798 4708 2019 4778 649sq.;
2075 4708 2144 4764 cf.
2186 4709 2360 4766 etiam
2404 4710 2445 4764 Ι.
2473 4710 2719 4765 Haller
2751 4710 2808 4764 in
2834 4708 3072 4773 Quellen
3097 4708 3213 4763 und
3239 4708 3634 4780 Forschungen

733 4796 756 4850 1
796 4795 976 4865 (1898)
1017 4798 1138 4865 lsq.

948 4936 1341 5002 vestiarium
1399 4937 1466 4999 in
1521 4936 1763 5021 palatio
1820 4937 2275 5020 Lateranensi‚
2336 4942 2403 5001 et
2459 4938 2667 5021 primo
2716 4936 2978 5022 quidem
3027 4937 3236 5021 „intus
3281 4938 3633 5002 oratorium

732 5063 781 5107 s.
817 5040 1143 5107 Caesarii“
1194 5040 1364 5126 (Lib.
1411 5040 1637 5124 pontif.
1687 5040 1788 5106 ed.
1835 5040 2180 5106 Duchesne
2229 5040 2262 5104 I
2295 5045 2440 5106 470.
2475 5043 2595 5106 481
2646 5048 2779 5106 not.
2819 5041 2947 5127 16),
2992 5046 3223 5126 postea
3268 5041 3333 5106 in
3379 5040 3634 5125 capella

733 5168 783 5210 s.
815 5142 1091 5228 Nicolai‚
1139 5145 1494 5209 institutum
1542 5144 1682 5208 fuit.
1773 5142 1902 5209 Sed
1948 5146 2222 5229 primam
2272 5144 2409 5208 eius
2453 5144 2769 5228 notitiam,
2819 5165 3013 5229 quam
3045 5142 3317 5208 Galletti
3363 5150 3432 5209 et
3462 5143 3633 5208 Oan-

731 5248 977 5314 cellieri
1024 5269 1107 5313 ex
1152 5249 1458 5314 Iohannis
1503 5247 1609 5312 III
1654 5247 1832 5311 bulla
1878 5269 1994 5330 pro
2041 5246 2308 5311 basilica
2352 5247 2490 5311 XII
2535 5248 2995 5333 Apostolorum
3044 5248 3425 5333 hauserunt,
3484 5249 3636 5333 quia
