4065 6049
1103 431 1251 487 Mon.
1287 452 1330 487 s.
1366 433 1580 489 Mariae
1616 433 1672 487 in
1709 436 1900 489 monte
1937 432 2215 488 Aventino
2252 462 2315 472 -
2354 430 2501 486 Eccl.
2537 450 2579 486 s.
2618 430 2856 487 Priscae.
3301 435 3418 495 117

533 610 611 673 *1
2971 607 3139 670 1050
3184 604 3333 669 mai.

536 713 635 802 [In
686 710 1113 799 praesentia?]
1169 713 1449 777 Leonis
1494 711 1635 795 IX,
1694 713 1757 775 in
1817 712 2059 797 palatio
2105 711 2557 793 Lateranensi,
2624 710 3050 776 residentibus
3107 709 3420 774 Umberto

533 821 814 904 archiep.
864 842 911 882 s.
944 819 1219 884 Rufinae
1266 822 1332 883 et
1362 817 1674 882 Alinardo
1720 816 2002 902 archiep.
2047 816 2427 901 Lugdunen.
2475 837 2592 881 nec
2638 838 2765 879 non
2811 814 3089 899 Hugone
3136 814 3418 897 archiep.

534 926 902 991 Besontien.
936 930 1003 988 et
1031 923 1228 987 Petro
1276 921 1438 985 diac.
1483 920 1864 986 cancellario
1910 926 1976 986 et
2021 921 2218 986 fratre
2267 921 2402 984 eius
2433 920 2698 984 Andrea
2742 919 2971 1002 iudice,
3020 940 3212 983 causa
3257 920 3423 982 inter

534 1030 914 1096 Umbertum
972 1027 1118 1093 abb.
1167 1026 1246 1091 de
1301 1047 1470 1090 mon.
1519 1049 1566 1090 s.
1613 1026 1948 1091 Benedicti
2006 1027 2073 1089 in
2114 1024 2392 1089 Sublaco
2451 1030 2519 1088 et
2562 1025 2827 1089 Petrum
2886 1023 3031 1088 abb.
3079 1045 3129 1088 s.
3175 1021 3421 1093 Mariae

535 1135 616 1201 de
667 1140 880 1199 monte
925 1132 1248 1196 Aventino
1294 1151 1488 1215 super
1533 1131 1806 1197 ecclesia
1851 1154 1898 1195 s.
1932 1132 2179 1197 Mariae
2225 1132 2289 1194 in
2335 1129 2590 1194 Surisco
2636 1129 2867 1213 agitur.

915 1280 962 1315 v.
991 1260 1232 1326 Latium,
1270 1257 1527 1315 subiace.

1190 1621 1508 1689 Ecclesia
1552 1639 1608 1689 s.
1640 1622 1935 1689 Priscae
1980 1622 2056 1688 in
2104 1623 2344 1690 monte
2390 1621 2765 1691 Aventino.

1747 1762 1954 1830 (santa
1989 1761 2220 1832 Prisca.)

740 1917 1006 1991 Ugonio
1042 1919 1078 1973 f.
1104 1918 1317 1987 303⁴sq.
1356 1948 1421 1958 —·
1458 1917 1810 1974 Panciroli
1852 1921 1944 1989 ¹p.
1972 1918 2194 1988 707sq.;
2235 1918 2541 1989 ²p.683sq.
2569 1948 2634 1958 -
2659 1916 2947 1972 Picrleone
2984 1915 3265 1970 Casella
3301 1914 3423 1970 Dis·

533 2024 686 2062 corso
723 2006 945 2061 intorno
978 2004 1296 2060 l'antichita
1331 2004 1483 2060 della
1518 2004 1710 2060 chiesa
1745 2005 1973 2061 titolare
2009 2004 2070 2060 di
2105 2005 2155 2059 S.
2182 2005 2401 2071 Prisca,
2437 2024 2479 2059 s.
2501 2004 2679 2068 XVII,
2717 2002 2927 2073 Napoli
2965 2000 3110 2057 Bibl.
3148 2002 3422 2056 Brancac-

533 2094 696 2148 ciana
717 2094 754 2147 4
780 2094 822 2146 B
848 2093 883 2147 4
916 2093 971 2159 (4
994 2091 1044 2146 D
1069 2092 1176 2158 28).
1200 2122 1260 2131 -
1287 2091 1619 2148 Severano
1645 2111 1700 2163 p.
1719 2093 1913 2161 376sq.
1942 2122 2003 2132 —
2032 2093 2349 2164 Torrigio
2388 2091 2579 2147 Isacri
2615 2091 2781 2147 trofei
2818 2109 2874 2163 p.
2904 2092 3063 2159 l7sq.
3099 2120 3154 2128 —
3184 2086 3423 2144 Marti-

532 2179 705 2234 nelli
744 2199 796 2250 p.
823 2180 942 2234 288.
967 2209 1034 2218 —
1060 2177 1459 2235 Martinelli
1495 2178 1683 2233 Primo
1708 2179 1884 2235 trofeo
1909 2197 1963 2249 p.
1987 2179 2147 2248 l8sq.
2182 2209 2250 2219 —-
2288 2178 2505 2235 Lubin
2544 2196 2597 2248 p.
2617 2178 2735 2233 343.
2774 2207 2838 2218 -—
2879 2176 3117 2231 Piazza
3152 2194 3206 2245 p.
3225 2176 3421 2244 437sq.

536 2297 593 2305 -—-
637 2264 1096 2321 Crescimbeni
1150 2263 1409 2320 L'istoria
1460 2264 1519 2320 di
1573 2265 1628 2320 S.
1665 2265 1845 2320 Maria
1891 2265 1950 2319 in
1998 2264 2290 2320 Cosmedin
2330 2283 2383 2335 p.
2407 2266 2609 2334 36889.
2665 2293 2730 2305 -
2787 2263 3019 2333 Nibby
3055 2264 3078 2317 1
3117 2263 3317 2331 675sq.
3356 2291 3422 2301 —

534 2352 850 2409 Porcella
885 2352 963 2407 XI
995 2352 1092 2408 169
1111 2370 1194 2421 sq.
1238 2380 1304 2391 -—
1352 2350 1716 2409 Armellini
1757 2355 1850 2423 ¹p.
1875 2352 2096 2422 560sq.;
2137 2355 2230 2423 ἰ).
2256 2353 2453 2422 57789.
2488 2382 2555 2392 -—
2600 2352 2643 2406 1.
2670 2350 2904 2407 Carini
2941 2350 3038 2405 Sul
3070 2348 3241 2405 titulo
3275 2365 3423 2418 pres-

532 2439 772 2495 biterale
808 2439 866 2493 di
903 2440 955 2495 S.
980 2439 1172 2495 Prisca
1206 2439 1484 2508 (Palermo
1524 2438 1695 2506 1885).
1748 2468 1811 2478 —
1866 2439 1932 2493 A.
1957 2438 2312 2494 Bachofen
2358 2438 2417 2493 in
2452 2438 2684 2495 Studien
2726 2437 2839 2493 und
2876 2434 3271 2507 Mitteilungen
3320 2452 3422 2489 aus

533 2526 657 2580 dem
695 2524 1105 2582 Benedictiner-
1143 2526 1255 2581 und
1291 2526 1417 2582 dem
1443 2524 2048 2581 Cistercienser-Orden
2075 2525 2204 2579 XIX
2236 2525 2416 2593 (1898)
2438 2526 2540 2581 467
2551 2544 2631 2595 sq.
2670 2554 2735 2564 -
2771 2520 3119 2579 Marucchi
3153 2540 3207 2592 p.
3233 2522 3419 2590 180sq.

534 2641 600 2650 --
635 2611 700 2666 A.
728 2612 972 2668 Merlin
1011 2611 1318 2669 L'Aventin
1354 2613 1494 2667 dans
1531 2611 1853 2682 l'antiquite
1890 2611 2072 2680 (Paris
2110 2612 2283 2682 1906).

750 2803 947 2868 Tituli
1008 2827 1088 2869 ss.
1120 2806 1400 2891 Aquilae
1454 2812 1522 2871 et
1573 2806 1835 2870 Priscae
1895 2806 2138 2870 mentio
2195 2806 2269 2870 fit
2319 2806 2450 2870 iam
2504 2825 2671 2869 saec.
2705 2803 2767 2869 V
2811 2801 2921 2889 (cf.
2967 2803 3311 2869 Duchcsne
3357 2804 3422 2866 in

535 2907 869 2995 Melanges
899 2908 1031 2972 VH
1064 2908 1238 2994 226).
1339 2908 1696 2974 Ecclesiam
1756 2911 2084 2993 reparavit
2140 2908 2509 2974 Hadrianus
2552 2907 2586 2972 I
2643 2906 2814 2993 (Lib.
2859 2906 3086 2991 pontif.
3134 2905 3236 2971 ed.
3282 2906 3419 2970 Du-

536 3014 771 3080 chesne
818 3013 853 3078 I
898 3018 1086 3100 501),
1152 3014 1378 3080 ditavit
1420 3015 1558 3080 Leo
1589 3013 1693 3078 III
1737 3013 1808 3100 (l.
1842 3036 1895 3079 c.
1943 3014 2012 3078 Π
2058 3019 2116 3079 4.
2165 3014 2297 3101 20).
2390 3013 2604 3079 Titulo
2663 3012 2986 3079 adnexum
3030 3012 3152 3077 fuit
3195 3034 3419 3077 mona-

535 3121 832 3204 sterium,
889 3118 1063 3205 quod
1116 3119 1283 3184 inter
1335 3120 1631 3203 antiquas
1675 3119 1805 3182 XX
1858 3118 2054 3184 Urbis
2111 3118 2404 3184 abbatias
2461 3124 2848 3183 recensetur.
2966 3117 3098 3180 Alii
3154 3116 3424 3182 credunt

534 3223 992 3288 monasterium
1039 3222 1212 3306 apud
1257 3222 1511 3286 titulum
1557 3244 1606 3285 s.
1638 3222 1900 3287 Priscae
1947 3222 2105 3286 illud
2151 3221 2366 3304 fuisse,
2415 3221 2586 3307 quod
2633 3220 2749 3285 sub
2794 3222 3051 3286 nomine
3098 3244 3147 3284 s.
3179 3221 3420 3285 Donati

534 3333 927 3391 memoratur
982 3327 1046 3390 in
1076 3325 1229 3390 Vita
1273 3327 1510 3391 Leonis
1538 3325 1642 3388 111
1686 3324 1757 3410 (l.
1791 3348 1843 3391 c.
1892 3326 1961 3388 II
2008 3326 2140 3411 24).
2247 3326 2707 3391 Monasterium
2767 3326 3169 3390 incoluerunt
3211 3325 3418 3409 primo

533 3433 830 3497 monachi
888 3434 1137 3519 graeci,
1194 3440 1422 3517 postea
1478 3433 1776 3498 monachi
1843 3433 2023 3498 latini
2079 3433 2215 3497 ord.
2273 3455 2322 3497 s.
2358 3430 2724 3515 Benedicti,
2785 3430 3050 3515 eiusque
3117 3427 3419 3492 abbatem

535 3535 890 3602 Iohannem
935 3536 1322 3601 locationem
1369 3536 1691 3621 quandam
1738 3536 1819 3602 de
1864 3558 2078 3601 massa
2126 3536 2413 3601 Obizana
2458 3537 2523 3599 in
2567 3555 2724 3619 agro
2771 3533 3219 3614 Ferentinum,
3267 3531 3421 3594 iuris

533 3641 905 3705 monasterii
951 3662 1031 3703 ss.
1063 3640 1342 3724 Aquilae
1390 3647 1456 3705 et
1497 3640 1759 3706 Priscae
1802 3641 2052 3722 fecisse,
2101 3662 2184 3706 ex
2214 3638 2488 3726 Eugenii
2518 3638 2623 3703 III
2667 3636 2841 3702 bulla
2886 3658 2943 3700 a.
2983 3639 3145 3700 1152
3193 3634 3301 3699 iul.
3337 3637 3417 3698 23

535 3765 651 3828 pro
682 3742 1200 3808 Ferentinatibus
1247 3743 1647 3829 (Ferentino)
1703 3745 2080 3831 colligimus.
2195 3744 2377 3810 Sacc.
2422 3743 2523 3808 XI
2576 3742 2965 3808 monasterio
3012 3763 3061 3805 s.
3102 3739 3291 3805 Pauli
3338 3737 3420 3802 de

536 3847 712 3913 Urbe
744 3848 1099 3913 subiectum
1132 3849 1326 3912 fuisse
1356 3848 1626 3932 videtur,
1659 3850 1836 3913 cuius
1866 3854 2079 3916 rector
2106 3847 2588 3932 Heldiprandus
2620 3868 2764 3913 cum
2804 3847 3127 3932 generalis
3157 3848 3421 3932 capituli

539 3974 851 4017 consensu
894 3952 1068 4017 idem
1115 3950 1494 4016 coenobium
1540 3951 1817 4017 Oderico
1863 3951 2085 4018 abbati
2115 3951 2571 4017 Vindocinensi
2619 3950 2915 4027 tradidit;
2972 3950 3144 4036 quod
3191 3950 3419 4016 confir-

539 4055 738 4121 mavit
802 4054 1177 4120 Alexander
1220 4053 1290 4118 Π
1356 4076 1413 4118 a.
1469 4058 1629 4119 1066
1695 4054 1804 4118 iul.
1867 4061 1894 4120 1
1969 4055 2117 4141 (JL.
2164 4053 2392 4141 4594);
2450 4075 2534 4119 ex
2604 4076 2729 4139 quo
2798 4060 3091 4149 tempore
3152 4055 3421 4122 abbates

537 4159 1046 4224 Vindocinenses
1102 4159 1443 4224 ecclesiam
1500 4182 1548 4224 s.
1595 4160 1858 4226 Priscae
1911 4182 2056 4226 cum
2117 4161 2429 4246 dignitate
2482 4160 2854 4247 cardinalis,
2919 4162 3235 4247 Gregorio
3267 4160 3418 4245 VII,

536 4263 799 4328 Urbano
844 4263 941 4348 ΙΙ,
997 4263 1255 4328 Calixto
1302 4262 1397 4348 II,
1458 4263 1832 4328 Innocentio
1880 4264 1976 4347 11,
2034 4263 2324 4329 Honorio
2372 4264 2475 4328 ΠΙ
2541 4265 2812 4350 aliisque
2878 4264 3418 4348 confirmantibus,

537 4373 894 4433 tenuerunt.
983 4367 1226 4433 Postea
1285 4366 1574 4432 transivit
1629 4366 1712 4432 ad
1770 4368 2002 4433 fratres
2057 4367 2191 4432 ord.
2234 4391 2282 4432 s.
2314 4367 2669 4454 Francisci,
2731 4368 3007 4453 denique
3067 4368 3150 4434 ad
3197 4370 3418 4453 Augu-

534 4472 858 4536 stinianos.
1303 4471 1306 4474 ’
2198 4491 2201 4492 ’

752 4681 829 4743 In
896 4680 1154 4744 archivo
1219 4679 1532 4744 ecclesiae
1600 4702 1648 4744 s.
1689 4680 1953 4744 Priscae
2023 4679 2405 4745 documenta
2473 4681 2737 4767 antiqua
2802 4702 2929 4746 non
2994 4684 3416 4746 inveniuntur.

536 4786 719 4860 Quae
765 4805 804 4848 a
848 4783 1159 4848 Romanis
1203 4783 1607 4868 pontificibus
1659 4783 1846 4848 huius
1907 4784 2073 4847 tituli
2128 4783 2555 4849 cardinalibus
2599 4805 2904 4849 concessa
2948 4793 3120 4870 sunt,
3178 4807 3257 4849 ea
3302 4785 3419 4850 sub

537 4889 720 4954 titulo
767 4889 1138 4954 monasterii
1184 4910 1231 4951 s.
1266 4888 1596 4954 Trinitatis
1627 4890 2120 4956 Vindocinensis
2166 4889 2562 4977 (Vendome)
2608 4910 2938 4975 ponemus.
