4065 6049
765 471 801 531 2
2121 459 2314 519 Roma.

764 640 935 699 1668).
972 668 1038 678 -
1077 635 1420 694 Matthiae
1457 653 1493 691 a
1530 635 1789 692 Corona
1839 634 2143 692 Tractatus
2180 636 2512 707 posthumus
2561 636 2632 691 de
2684 637 2969 706 potestate
3017 638 3077 692 et
3121 633 3406 710 dignitate
3443 636 3496 693 8.
3518 634 3583 693 R.
3608 635 3668 692 E.

763 722 1135 780 cardinalium
1171 726 1279 779 etc.
1315 721 1532 791 (Leodii
1568 722 1735 791 1677).
1773 751 1841 761 -
1877 722 1953 778 Io.
1979 722 2175 778 Franc.
2201 722 2519 777 Buddeus
2559 721 2644 778 De
2679 721 2899 794 origine
2936 721 3331 780 cardinalitiae
3367 722 3670 795 dignitatis

762 810 1114 867 schediasma
1149 810 1482 866 historicum
1520 809 1707 877 (lenae
1736 809 1908 877 1693).
1947 841 2010 849 —
2051 809 2276 864 Hunold
2315 807 2790 881 Plettemberg
2821 808 2905 864 De
2943 798 3198 866 ecclesiis
3236 812 3295 866 et
3329 808 3518 865 titulis
3553 826 3669 864 car-

763 898 1037 954 dinalium
1073 896 1353 967 (Hyldesii
1392 897 1560 965 1693).
1609 925 1677 936 -
1728 896 1805 951 Io.
1841 895 2177 951 Palatius
2226 896 2381 953 Fasti
2420 895 2792 952 cardinalium
2828 897 3078 953 omnium
3113 896 3166 952 S.
3197 896 3261 951 R..
3285 894 3346 951 E.
3384 894 3497 952 vol.
3522 895 3671 950 I—-V

764 983 1044 1051 (Venetiis
1083 984 1359 1053 1701—3).
1399 1013 1461 1024 —
1502 983 1559 1037 C.
1600 983 1659 1037 B.
1696 982 1957 1037 Piazza
1993 982 2075 1038 La
2109 982 2406 1054 gerarchia
2441 981 2810 1038 cardinalizia
2844 983 2930 1051 (In
2965 981 3144 1039 Roma
3182 981 3357 1052 1703).
3395 1012 3461 1023 -
3497 983 3669 1037 Abra-

765 1071 898 1125 ham
933 1070 1131 1140 Bang
1165 1069 1504 1125 Dissertatio
1540 1069 1864 1125 academica
1901 1069 1970 1124 de
2007 1069 2371 1126 cardinalitia
2407 1069 2689 1141 dignitate
2728 1073 2836 1127 etc.
2873 1070 3146 1141 (Upsalae
3186 1070 3359 1139 1719).
3415 1100 3478 1110 —
3529 1070 3669 1127 Dom

762 1157 1128 1213 Mabillon
1179 1156 1359 1212 Musei
1408 1154 1593 1211 italici
1638 1156 1717 1210 11:
1774 1156 2218 1212 Commentarius
2274 1157 2538 1227 praevius
2589 1157 2650 1211 in
2707 1155 2960 1213 ordinem
3011 1156 3324 1213 Romanum
3377 1157 3666 1226 (Luteciae

764 1243 938 1299 Paris.
965 1244 1140 1313 1724).
1179 1275 1247 1283 -
1282 1243 1373 1313 (N.
1402 1243 1784 1311 Antonclli)
1822 1244 1899 1298 De
1936 1243 2123 1299 titulis
2159 1261 2298 1313 quos
2334 1264 2375 1301 s.
2401 1244 2692 1301 Evaristus
2719 1244 2986 1300 Romanis
3010 1243 3357 1315 presbyteris
3380 1242 3671 1300 distribuit

761 1329 1084 1387 dissertatio
1122 1332 1357 1397 (Romae
1396 1331 1574 1399 1725).
1619 1360 1687 1368 —
1737 1328 1963 1399 Dionys.
2002 1329 2529 1401 Pieragostinus
2571 1329 2930 1401 Disceptatio
2975 1332 3045 1385 de
3091 1329 3384 1401 provincia
3420 1330 3671 1387 Romana

761 1418 993 1488 eiusque
1039 1416 1319 1487 episcopis
1366 1414 1734 1486 suffraganeis
1780 1418 2013 1483 (Romae
2050 1421 2110 1474 et
2147 1416 2449 1473 Ravennae
2488 1418 2663 1487 1727).
2706 1447 2775 1459 —-
2825 1418 2982 1475 Dom.
3018 1417 3260 1490 Giorgi
3309 1417 3388 1475 De
3430 1417 3671 1489 liturgia

764 1504 1000 1560 Romani
1040 1503 1321 1575 pontificis
1357 1504 1409 1558 II
1446 1502 1679 1570 (Romae
1722 1503 1876 1572 1743)
1916 1522 1970 1574 p.
2005 1505 2029 1559 1
2065 1523 2145 1573 sq.
2201 1534 2266 1544 —
2323 1504 2513 1560 Berti
2549 1505 2646 1561 De’
2684 1504 2837 1561 titoli
2875 1503 3189 1562 distribuiti
3226 1505 3301 1561 da
3333 1505 3390 1561 S.
3413 1503 3669 1560 Evaristo

761 1606 915 1661 papa
950 1591 1006 1645 ai
1043 1591 1192 1661 preti
1232 1589 1290 1643 di
1317 1590 1495 1646 Roma
1530 1589 1780 1659 (Fir-onae
1810 1590 1984 1661 1759).
2026 1621 2089 1632 --
2129 1593 2268 1647 And.
2296 1592 2467 1647 Girol.
2493 1594 2878 1649 Andreucci
2916 1590 3249 1648 Hieran-chia
3284 1590 3670 1647 ecclesiastica

761 1679 820 1732 in
858 1678 1042 1732 varias
1076 1694 1207 1733 suas
1243 1681 1432 1747 partes
1469 1677 1775 1734 distributa
1811 1683 1871 1734 et
1907 1679 2524 1751 canonico-theologice
2562 1680 2823 1750 exposita
2858 1679 2970 1735 vol.
2999 1679 3037 1734 1.
3067 1679 3119 1733 11
3153 1677 3384 1748 (Romae
3413 1677 3582 1746 1766).
3604 1707 3672 1717 -

762 1764 867 1819 los.
891 1764 1171 1819 Kleiner
1206 1762 1541 1820 Dissertatio
1579 1765 1646 1819 de
1684 1764 1903 1835 origine
1942 1772 2002 1822 et
2039 1766 2389 1836 antiquitate
2425 1783 2529 1823 em.
2566 1766 2619 1821 S.
2648 1766 2714 1821 R.
2738 1766 2799 1820 E.
2827 1765 3199 1821 cardinalium
3236 1763 3671 1835 (Heidelbergae

764 1850 897 1905 1767
944 1855 1003 1908 et
1048 1851 1107 1905 in
1147 1856 1208 1907 A.
1234 1851 1492 1908 Schmidt
1526 1852 1797 1908 Thesaur.
1834 1853 1972 1908 iuris
2019 1854 2153 1909 eccl.
2196 1854 2303 1909 vol.
2333 1854 2384 1907 11
2422 1852 2833 1925 Heidelbergae
2873 1851 3008 1907 1773
3043 1870 3096 1907 n.
3124 1852 3206 1907 IX
3240 1870 3296 1923 p.
3321 1853 3426 1908 443
3445 1854 3567 1922 sq.).
3604 1882 3671 1891 --

761 1938 866 1993 Ios.
886 1936 1170 1994 Kleiner
1204 1937 1542 1994 Dissertatio
1579 1939 1761 1996 altera
1796 1941 1866 1995 de
1893 1940 2099 1995 muniis
2125 1945 2184 1995 et
2208 1938 2620 2011 praerogativis
2648 1957 2754 1996 em.
2772 1941 2824 1995 S.
2854 1940 2918 1996 R.
2938 1939 3000 1995 Ε.
3026 1938 3402 1995 cardinalium
3424 1937 3668 2007 (Heidel-

762 2025 967 2095 berg-ae
1006 2024 1140 2079 1768
1186 2029 1246 2080 et
1293 2024 1350 2080 in
1385 2025 1451 2079 A.
1475 2024 1732 2081 Schmidt
1768 2027 1933 2083 Thes.
1960 2047 2012 2082 n.
2047 2027 2094 2081 X
2131 2046 2186 2097 p.
2210 2028 2313 2082 467
2331 2028 2453 2097 sq.).
2508 2058 2569 2066 --
2619 2020 2772 2082 Gins.
2800 2026 3150 2097 Tamagna
3198 2023 3420 2096 Origini
3467 2041 3498 2080 e
3550 2042 3670 2095 pre·

761 2110 1015 2182 rogative
1052 2111 1137 2167 de’
1165 2110 1441 2166 cardinali
1477 2112 1629 2168 della
1667 2116 1718 2169 8.
1748 2113 1811 2167 R.
1839 2113 1895 2168 C.
1938 2114 2044 2169 vol.
2072 2115 2114 2168 I.
2155 2115 2204 2168 II
2243 2114 2330 2182 (In
2366 2112 2544 2170 Roma
2572 2113 2748 2181 1790).
2787 2145 2854 2155 -
2891 2114 3012 2169 Lor.
3041 2112 3367 2169 Cardella
3403 2111 3671 2167 Memor-ie

759 2195 1002 2252 storiche
1051 2197 1135 2254 de'
1162 2198 1437 2253 cardinali
1486 2199 1637 2253 della
1686 2199 1737 2254 S.
1765 2198 1829 2255 R.
1857 2199 1916 2256 C.
1958 2200 2065 2255 vol.
2091 2200 2268 2254 I—IX
2315 2200 2402 2265 (In
2447 2199 2627 2255 Roma
2665 2200 2982 2263 1792-97).
3032 2228 3099 2239 -
3151 2198 3211 2254 Ρ.
3248 2200 3308 2255 L.
3343 2197 3670 2255 Galletti

760 2282 1047 2339 Cardinali
1080 2284 1328 2351 antichi,
1378 2304 1418 2337 S.
1447 2283 1661 2353 XVIII,
1700 2285 1820 2341 cod.
1844 2286 1971 2342 Vat.
1997 2287 2098 2341 lat.
2125 2288 2278 2343 8057.
2327 2319 2392 2327 -
2443 2287 2638 2343 Franc.
2678 2285 3105 2343 Cancellieri
3142 2285 3458 2342 Biblioteca
3495 2285 3669 2341 cardi-

759 2369 981 2438 nalitia,
1021 2390 1061 2426 s.
1088 2370 1297 2438 XVIII,
1336 2374 1456 2427 cod.
1482 2373 1613 2427 Vat.
1638 2373 1735 2427 lat.
1762 2373 1915 2429 9171.
1955 2403 2021 2413 —-
2061 2375 2120 2429 L.
2147 2374 2505 2431 Duchesne
2542 2374 2648 2430 Les
2683 2374 2849 2429 titres
2886 2371 3292 2444 presbyteranx
3326 2376 3386 2428 et
3434 2373 3518 2428 les
3554 2371 3670 2426 dia·

760 2457 948 2513 conies
985 2457 1043 2512 in
1081 2457 1372 2529 Melanges
1408 2459 1822 2531 d’archeologie
1860 2466 1919 2516 et
1955 2459 2243 2516 d’histoire
2269 2461 2375 2516 Vll
2401 2462 2584 2529 (1887)
2608 2462 2712 2517 219
2732 2480 2814 2531 sq.
2852 2490 2915 2501 -
2955 2460 3044 2517 Fr.
3070 2457 3447 2515 Oristofori
3483 2457 3672 2515 Stoi-ia

760 2543 850 2598 dei
889 2544 1163 2599 cardinali
1200 2544 1259 2599 di
1297 2544 1348 2599 8.
1380 2545 1445 2601 R.
1474 2544 1532 2599 C.
1569 2544 1664 2599 dal
1700 2564 1810 2602 sec.
1836 2546 1886 2600 V
1922 2546 2016 2601 all·
2045 2564 2096 2603 a.
2128 2547 2262 2605 1888
2300 2547 2497 2614 (Roma
2527 2547 2702 2613 1888).
2739 2577 2809 2588 —
2845 2548 2908 2602 P.
2935 2547 3341 2603 Orostarosa
3377 2546 3480 2601 Dei
3516 2544 3672 2600 titoli

761 2630 914 2685 della
949 2630 1141 2686 chiesa
1180 2632 1433 2687 Romana
1470 2633 1673 2695 (Roma
1699 2632 1876 2699 1893).
1912 2664 1982 2674 —-
2018 2634 2063 2688 1.
2092 2634 2152 2690 B.
2178 2635 2571 2704 Sagmssllcr
2605 2635 2710 2690 Die
2747 2633 3089 2705 Thatigkeit
3123 2634 3238 2689 und
3273 2632 3536 2703 Stellung
3570 2632 3671 2687 der

763 2716 1066 2774 Cardinale
1118 2717 1206 2773 bis
1261 2719 1442 2789 Papst
1494 2720 1727 2775 Bonifaz
1764 2720 1895 2775 VIII
1949 2720 2247 2792 (Freiburg
2282 2720 2319 2774 i.
2346 2721 2405 2774 B.
2449 2721 2623 2786 1896).
2679 2750 2746 2761 —-
2800 2720 2864 2775 G.
2904 2719 3212 2791 Phillips
3264 2718 3673 2775 Kirchenrecht

760 2803 840 2864 v1
875 2805 943 2859 65
963 2822 1042 2873 sq.
1083 2834 1145 2843 -
1196 2804 1254 2859 Ρ.
1282 2804 1665 2861 Hinschius
1702 2805 2110 2862 Kircbenrecht
2148 2808 2171 2860 I
2209 2808 2312 2863 309
2332 2826 2412 2876 sq.
2460 2839 2524 2847 —
2575 2810 2637 2862 Α.
2665 2807 2961 2863 Galante
2997 2806 3202 2862 Fontes
3237 2805 3377 2861 iuris
3414 2804 3671 2861 canonici

757 2890 955 2945 selecti
996 2891 1334 2962 (Oeniponte
1374 2892 1533 2959 1906)
1568 2911 1624 2963 p.
1651 2893 1753 2949 457
1773 2912 1852 2962 sq.

978 3050 1080 3115 De
1143 3052 1388 3135 origine
1446 3052 1511 3116 8.
1557 3051 1640 3117 R.
1683 3053 1758 3118 E.
1815 3053 2265 3137 cardinalium,
2328 3055 2436 3138 qui
2494 3055 2620 3118 iam
2677 3055 3028 3141 antiquitus
3084 3055 3150 3118 in
3205 3061 3335 3120 tres
3392 3052 3669 3126 ordines,

760 3156 1232 3240 episcoporum,
1271 3155 1797 3240 presbyterorum
1831 3165 1897 3222 ct
1929 3158 2367 3242 diaconorum,
2415 3157 2805 3243 dividuntur,
2837 3179 2966 3223 non
2994 3157 3141 3222 heic
3173 3156 3436 3243 quidem
3468 3155 3670 3220 disse-

759 3258 943 3324 rendi
988 3259 1195 3336 locus;
1261 3259 1574 3326 adnotare
1621 3262 1776 3325 satis
1822 3262 1923 3344 sit,
1971 3268 2107 3325 tum
2155 3260 2350 3326 Urbis
2395 3261 2904 3346 presbyteros
2951 3268 3084 3326 tum
3133 3261 3351 3325 titulos
3397 3257 3672 3324 saeculis

758 3366 984 3449 primis
1029 3366 1298 3430 inveniri
1344 3372 1887 3431 commemoratos
1941 3365 2051 3450 (cf.
2100 3366 2512 3431 Mommsenii
2558 3365 3038 3451 Prolegomena
3095 3364 3178 3431 ad
3223 3362 3400 3429 Libr.
3442 3362 3667 3448 pontif.

759 3491 820 3553 p.
854 3468 1133 3553 XXVI).
1210 3470 1520 3553 Legimus
1552 3472 1723 3534 enim
1768 3471 1832 3534 in
1862 3469 2060 3535 Libro
2093 3470 2464 3554 pontificali,
2513 3470 2824 3535 Cletum
2871 3491 2956 3534 ex
2999 3476 3350 3554 praecepto
3396 3467 3457 3533 b.
3490 3467 3668 3532 Petri

758 3572 953 3639 XXV
1023 3573 1437 3658 presbyteros
1525 3577 1588 3638 in
1670 3574 1828 3639 urbe
1913 3572 2128 3639 Roma
2220 3573 2550 3639 ordinasse
2638 3573 3014 3659 (Dnchesne
3080 3573 3114 3637 I
3178 3576 3279 3638 52.
3347 3577 3449 3638 53.
3521 3573 3669 3636 122:

757 3676 1122 3743 Mommsen
1190 3700 1255 3763 p.
1297 3678 1397 3763 6);
1466 3678 1914 3744 Evaristum
1988 3678 2209 3743 titulos
2280 3680 2342 3742 in
2408 3678 2568 3744 urbe
2635 3677 2849 3744 Roma
2919 3678 3209 3742 divisisse
3278 3674 3671 3762 presbyteris

757 3781 1133 3867 (Dnchesne
1164 3782 1198 3845 Ι
1246 3789 1349 3848 54.
1384 3790 1486 3848 55.
1528 3787 1677 3860 126;
1725 3784 2092 3848 Mommsen
2135 3805 2197 3868 p.
2233 3782 2332 3869 9);
2379 3782 2833 3869 Dionysium
2886 3781 3318 3868 „presbyteris
3364 3779 3671 3846 ecclesias

760 3884 1017 3951 dedisse
1088 3892 1155 3950 et
1221 3887 1558 3969 cymiteria
1626 3893 1693 3951 et
1770 3886 2100 3970 parrocias
2177 3885 2451 3950 diocesis
2517 3885 2963 3951 constituisse“
3033 3882 3408 3972 (Dnchesne
3475 3884 3509 3947 I
3567 3889 3668 3949 70.

760 3995 861 4055 71.
900 3995 1051 4067 157;
1107 3989 1470 4056 Mommsen
1514 4011 1577 4074 p.
1612 3991 1732 4064 36;
1792 3988 1874 4052 cf.
1923 3990 2121 4052 etiam
2178 3986 2468 4053 eiusdem
2514 3987 2809 4073 Dionysii
2865 3989 3209 4074 epistolam
3253 3990 3538 4074 spuriam
3584 3986 3668 4051 ad

758 4091 1070 4158 Severum
1102 4114 1204 4177 ep.
1232 4090 1720 4157 Cordubensem
1752 4091 1878 4157 JK.
1914 4094 1955 4172 †
1993 4091 2174 4176 139);
2207 4091 2662 4157 Marcellum
2697 4091 2890 4159 XXV
2922 4093 3142 4158 titulos
3172 4095 3239 4158 in
3268 4092 3427 4157 urbe
3455 4090 3667 4156 Roma

757 4199 1163 4262 constituisse
1228 4199 1451 4281 „quasi
1508 4196 1813 4280 diocesis,
1873 4202 2141 4281 propter
2198 4195 2590 4281 baptismum
2649 4204 2718 4261 et
2778 4199 3242 4282 paenitentiam
3300 4196 3667 4270 multorum.

758 4304 867 4387 qui
914 4300 1454 4367 convertebantur
1499 4323 1581 4366 ex
1628 4301 1899 4386 paganis
1945 4308 2012 4365 et
2056 4307 2325 4385 propter
2369 4300 2735 4385 sepulturas
2778 4302 3172 4386 martyrum“
3221 4301 3597 4387 (Dnchesne
3637 4301 3668 4362 Ι

761 4408 862 4471 72.
898 4408 998 4471 73.
1039 4410 1188 4483 164;
1235 4406 1598 4470 Mommsen
1641 4428 1705 4490 p.
1742 4404 1874 4491 43).
1968 4405 2379 4491 Quamquam
2424 4425 2578 4470 vero
2625 4405 2896 4470 notitiae
2941 4406 3125 4491 haec,
3171 4409 3263 4472 uti
3309 4406 3669 4472 luculenter

756 4517 958 4595 patet,
1004 4510 1196 4576 valde
1242 4511 1410 4575 inter
1455 4532 1526 4576 se
1575 4509 1897 4595 differunt,
1945 4509 2216 4575 diversis
2260 4508 2672 4595 pontificibus
2714 4508 2892 4575 idem
2937 4509 3176 4576 factum
3225 4509 3667 4592 attribuentes,

755 4615 823 4679 id
878 4621 1097 4680 tamen
1161 4614 1335 4680 nulla
1394 4622 1493 4679 est
1552 4635 1856 4699 umquam
1923 4615 1989 4678 in
2045 4611 2446 4678 dubitatione
2506 4619 2861 4700 versatum,
2929 4617 3137 4700 primo
3201 4614 3395 4682 XXV
3451 4613 3670 4678 titulos

758 4720 1111 4803 exstitisse,
1177 4739 1531 4804 eorumque
1587 4738 1925 4784 numerum
1979 4718 2227 4782 sensim·
2277 4717 2362 4782 ad
2407 4717 2711 4783 XXVIII
2756 4721 3063 4803 crevisse,
3125 4716 3668 4804 quibus‘singulis

757 4822 1102 4889 cardinalis
1146 4822 1487 4908 presbyter
1532 4823 1808 4887 titularis
1855 4821 2151 4887 addictus
2197 4830 2314 4887 est.

973 4928 1481 5013 Antiquissimae
1512 4947 1771 5012 quoque
1805 4927 2070 5012 originis
2117 4931 2262 4990 sunt
2303 4925 2644 5011 diaconi,
2694 4946 2968 5011 quorum
3016 4947 3206 4992 curae
3239 4944 3667 5011 unaquaeque

754 5031 950 5097 Urbis
1010 5033 1190 5118 regio
1249 5029 1621 5096 concredita
1675 5030 1815 5096 fuit.
1918 5030 2061 5095 Iam
2124 5030 2580 5096 Evaristum
2641 5035 2896 5116 septem
2953 5030 3259 5096 diaconos
3316 5029 3667 5110 ordinasse,

760 5139 909 5223 „qui
956 5135 1352 5201 custodirent
1410 5135 1785 5220 episcopum
1849 5134 2333 5220 praedicantem
2396 5139 2666 5219 propter
2718 5134 2937 5200 stilum
2980 5133 3334 5217 veritatis“,
3388 5132 3672 5197 affirmat

755 5241 954 5307 Liber
998 5240 1382 5328 pontificalis
1414 5239 1790 5326 (Dnchesne
1822 5239 1855 5302 I
1888 5245 1989 5305 54.
2025 5245 2126 5304 55.
2173 5242 2320 5316 126;
2367 5239 2732 5306 Mommsen
2777 5261 2839 5325 p.
2875 5245 2944 5316 9;
2991 5239 3071 5304 cf.
3105 5235 3382 5303 Evaristi
3429 5238 3668 5321 episto-
