4065 6049
789 389 871 449 40
2144 383 2336 438 Roma.

1005 560 1105 624 De
1152 559 1410 623 archivo
1459 558 1696 623 nullam
1744 557 2058 624 habemus
2102 559 2415 624 notitiam.

792 701 876 777 †1
3082 699 3253 760 1110
3295 703 3481 762 mart.
3512 698 3596 761 25

789 802 1187 868 Paschalis
1234 803 1301 865 Π
1348 802 1605 867 dedicat
1651 803 1804 867 eccl.
1852 802 1918 866 in
1959 802 2272 866 honorem
2317 800 2379 865 b.
2421 800 2667 866 Mariae
2714 808 2781 865 et
2825 822 2922 866 ev.
2971 801 3306 885 Matthaei,
3352 802 3679 867 coadiutus

789 929 829 970 a
871 905 1198 991 Raynerio
1246 906 1326 971 de
1376 907 1578 990 Ostia,
1622 906 1941 971 Riccardo
1989 905 2071 970 de
2103 905 2325 988 Portu,
2372 905 2570 970 Petro
2618 905 2699 970 de
2730 905 2989 989 Tibure,
3037 906 3283 971 Iuliano
3331 893 3412 971 de
3441 907 3678 972 Feren-

793 1012 948 1094 tino,
994 1011 1341 1076 Anastasio
1390 1011 1471 1075 de
1517 1009 1708 1094 Alba,
1756 1012 1953 1076 Petro
2001 1010 2082 1074 de
2130 1010 2514 1094 Tusculano,
2561 1010 2844 1074 Antonio
2893 1010 2972 1075 de
3005 1010 3282 1096 Amelia,
3327 1013 3677 1095 praesenti-

789 1114 907 1180 bus
954 1116 1247 1180 omnibus
1293 1115 1357 1180 8.
1389 1115 1468 1180 R.
1501 1114 1576 1179 Ε.
1625 1114 1797 1178 card.
1846 1114 2057 1198 presb.
2107 1119 2173 1179 et
2218 1113 2381 1179 diac.
2430 1135 2549 1178 nec
2600 1135 2730 1178 non
2774 1116 3107 1180 innumera
3152 1115 3308 1180 cleri
3353 1122 3420 1179 et
3464 1115 3678 1199 populi

789 1219 1066 1284 Romani
1114 1218 1540 1303 multitudine,
1589 1224 1656 1283 et
1700 1219 1942 1301 statuit,
1987 1224 2058 1282 ut
2104 1239 2327 1283 omnes
2372 1217 2609 1282 Christi
2653 1218 2907 1301 fideles,
2955 1220 3062 1303 qui
3109 1217 3191 1284 ab
3235 1221 3375 1303 ipso
3422 1219 3678 1283 dedica·

789 1323 981 1386 tionis
1028 1322 1152 1406 die,
1202 1324 1335 1388 scil.
1372 1326 1409 1387 8
1440 1322 1572 1388 kal.
1607 1323 1812 1407 april.,
1858 1343 2062 1407 usque
2094 1321 2177 1386 ad
2211 1329 2505 1386 octavam
2537 1329 2945 1407 pentecostes
2972 1325 3258 1408 itemque
3298 1323 3402 1388 die
3434 1346 3481 1387 s.
3513 1322 3677 1387 Mat-

791 1426 966 1492 thaei
997 1429 1203 1513 ipsam
1235 1428 1391 1493 eccl.
1418 1425 1652 1493 devote
1676 1428 2094 1507 visitaverint,
2126 1447 2384 1490 suorum
2417 1434 2829 1511 peccatorum
2860 1428 3300 1492 remissionem
3333 1426 3678 1492 obtineant.

1010 1538 1217 1592 Tabula
1269 1538 1333 1591 in
1373 1537 1495 1592 cccl.
1532 1536 1715 1605 periit.
1763 1565 1829 1574 —
1884 1535 2027 1589 Edd.
2076 1536 2387 1591 Mar-tinelli
2426 1555 2482 1605 p.
2520 1545 2631 1592 258.
2703 1537 2903 1590 Piazza
2936 1552 2994 1605 p.
3027 1546 3138 1592 527.
3211 1539 3462 1592 Forcezla
3501 1539 3562 1592 X
3583 1547 3684 1593 449

793 1641 850 1678 n.
896 1631 991 1678 727
1038 1627 1131 1694 (cx
1184 1624 1514 1691 Ten-tbilini,
1555 1624 1668 1679 cod.
1717 1622 1973 1677 Casamat.
2012 1631 2142 1678 2184
2181 1640 2237 1690 p.
2272 1626 2414 1694 392).
2497 1624 2738 1691 Adinolft
2781 1625 2821 1677 I
2847 1632 2991 1680 295.‘
3048 1626 3356 1680 Tomassetti
3401 1642 3462 1695 p.
3497 1635 3571 1681 15.
3619 1657 3679 1665 —

794 1709 923 1780 περ.
960 1710 1076 1767 JL.
1114 1742 1198 1766 -.

1166 1805 1507 1876 Spurium.
1591 1804 1835 1861 Nomina
1880 1805 2271 1876 episcoporum
2308 1805 2533 1862 omnino
2579 1804 2791 1862 ficticia
2843 1811 2999 1873 sunt,
3054 1793 3232 1878 signis
3278 1806 3685 1879 chronologicis

993 1894 1066 1963 (a.
1093 1893 1145 1948 d.
1182 1892 1291 1948 inc.
1321 1894 1471 1959 1110,
1508 1892 1622 1948 ind.
1648 1893 1697 1959 3,
1734 1910 1785 1947 a.
1810 1896 1966 1964 pont.
1998 1895 2088 1961 11)
2126 1896 2318 1949 tamen
2354 1892 2533 1949 bonis.

1568 2186 1896 2256 Ecclesia
1938 2204 1996 2255 s.
2029 2185 2354 2257 Severini
2396 2186 2475 2254 in
2520 2188 2909 2255 Uerulana.

1008 2344 1219 2411 Huius
1250 2346 1566 2412 ecclesiae
1599 2344 1952 2433 Gregorius
1983 2346 2015 2409 I
2048 2367 2211 2410 unus
2240 2346 2633 2411 mentionem
2665 2345 2836 2410 facit.
2911 2346 3092 2412 Inter
3119 2345 3448 2413 Romanas
3478 2347 3686 2413 eccle-

785 2451 914 2516 sias
959 2470 1171 2536 neque
1216 2450 1414 2534 priori
1459 2471 1669 2535 neque
1729 2451 2069 2514 recentiori
2133 2470 2295 2514 aevo
2349 2450 2668 2514 invenitur
2725 2448 2832 2534 (cf.
2879 2449 3223 2514 Duchesne
3267 2448 3409 2514 Lib.
3457 2451 3681 2535 pontis.

788 2559 821 2622 I
855 2561 978 2623 313
1026 2560 1157 2619 not.
1194 2551 1283 2637 8).
1371 2553 1473 2618 De
1520 2555 1644 2617 situ
1690 2554 1827 2618 eius
1873 2553 1952 2617 cf.
1986 2552 2235 2618 Jordan
2266 2552 2722 2637 Topographie
2768 2551 2884 2616 der
2915 2549 3104 2616 stadt
3129 2551 3300 2617 Rom
3345 2553 3433 2617 im
3461 2553 3680 2619 AJter-

791 2662 971 2727 thum
1016 2660 1050 2723 Ι
1082 2660 1236 2734 223;
1281 2656 1350 2720 II
1390 2659 1528 2721 128.

792 2853 832 2914 1
3263 2847 3392 2912 593
3434 2849 3567 2913 ian.

791 2954 1222 3041 Gregorius
1266 2955 1300 3018 I
1344 2954 1543 3021 Petro
1590 2953 1983 3019 subdiacono
2025 2954 2448 3039 Campaniae:
2497 2951 2783 3037 mandat,
2830 2960 2901 3018 ut
2950 2849 3342 3019 transmit(tat
3386 2853 3690 3040 reliqtfias

790 3060 851 3125 b.
900 3060 1224 3142 Severini,
1292 3062 1357 3124 in
1427 3061 1604 3125 cuius
1660 3060 1904 3124 honore
1961 3060 2300 3126 ecclesiam
2369 3060 2646 3144 positam
2713 3059 2892 3122 iuxta
2958 3058 3220 3123 domum
3289 3059 3686 3124 Merulanam

791 3166 1054 3250 regione
1101 3164 1235 3248 III,
1282 3185 1476 3250 quam
1522 3164 1891 3248 superstitio
1938 3163 2047 3227 diu
2092 3163 2372 3227 Arriana
2418 3162 2722 3244 detinuit,
2769 3163 2944 3246 cupit
2990 3164 3385 3228 consecrare.
3435 3202 3516 3210 —
3560 3163 3692 3228 Cor

791 3274 1098 3333 nostrum.

1004 3378 1133 3449 Req.
1175 3377 1324 3447 Grey.
1353 3378 1391 3432 1
1419 3378 1505 3432 lib.
1533 3378 1644 3431 ΙΙΙ
1669 3395 1744 3446 ep.
1774 3387 1848 3433 19.
1886 3409 1953 3418 ——
1992 3377 2137 3432 Edd.
2163 3378 2218 3433 S.
2248 3377 2492 3446 ἅτερον-ἐι·
2530 3377 2612 3431 Μ.
2646 3376 2781 3445 Opp.
2819 3375 2899 3431 ed.
2940 3376 3128 3430 Maur.
3154 3376 3230 3430 11
3255 3376 3343 3431 lib.
3369 3376 3470 3431 ΠΙ
3502 3392 3580 3446 op.
3607 3386 3691 3432 19.

794 3465 987 3520 Manui
1023 3465 1123 3519 IX
1156 3472 1280 3520 1124
1315 3481 1370 3520 n.
1400 3472 1472 3520 19.
1532 3465 1720 3535 Miyne
1754 3464 2074 3519 LXXVII
2098 3473 2195 3520 618
2229 3481 2285 3520 n.
2313 3471 2391 3519 19.
2445 3463 2599 3519 Mon.
2633 3463 2805 3518 Germ.
2832 3462 2974 3531 Epp.
3002 3462 3172 3518 1177.
3205 3493 3275 3503 -
3312 3462 3469 3535 chy.
3499 3464 3553 3519 J.
3577 3473 3692 3520 859.

793 3553 913 3608 JE.
952 3557 1101 3607 1223.
2683 3563 2686 3568 >
2866 3571 2875 3578 -

1532 3737 1854 3805 Ecclesia
1898 3755 1995 3805 ss.
2027 3737 2351 3826 quatuor
2397 3740 2943 3808 coronatorum.

1882 3860 2003 3927 (88.
2030 3859 2268 3924 Quattro
2306 3860 2608 3929 Coronati.)

937 4019 941 4024 ·
998 3998 1261 4070 Ugonio
1297 3999 1335 4053 f.
1360 3998 1465 4053 214
1487 4015 1568 4067 sq.
1613 4028 1680 4037 —-
1738 3996 2095 4053 Panciroli
2139 4000 2156 4031 ¹
2184 4015 2236 4067 p.
2266 3998 2486 4066 72lsq.;
2538 4002 2559 4032 ²
2586 4016 2641 4068 p.
2672 3987 2861 4067 lws'q.
2907 4028 2972 4038 --
3022 3999 3080 4052 D.
3118 3999 3477 4055 Memmolo
3526 3998 3693 4054 Della

789 4087 926 4151 vita,
974 4086 1166 4142 chiesa
1211 4102 1241 4140 e
1289 4083 1528 4154 reliquie
1574 4082 1664 4140 dei
1703 4083 1793 4139 88.
1835 4084 2076 4150 Quattro
2113 4083 2381 4141 Coronati
2413 4089 2429 4119 ²
2452 4085 2652 4153 (Roma
2680 4086 2858 4154 1628);
2900 4090 2919 4120 ²
2941 4085 3138 4152 (Roma
3166 4086 3336 4153 1757).
3363 4116 3429 4125 —
3464 4086 3692 4141 Marti-

790 4172 971 4230 nelli
1009 4191 1064 4243 p.
1090 4172 1195 4227 290
1218 4190 1300 4240 sq.
1327 4202 1391 4210 -
1434 4172 1491 4225 L.
1521 4169 1851 4227 Iacobilli
1891 4170 2127 4226 Cronica
2164 4171 2314 4227 della
2363 4172 2552 4227 chiesa
2587 4190 2618 4227 e
2652 4174 2967 4227 monastero
3005 4172 3060 4226 di
3097 4171 3393 4227 Sassovivo
3431 4172 3692 4243 (Foligno

793 4261 950 4328 1653)
1008 4278 1063 4330 p.
1097 4259 1202 4315 220
1233 4276 1313 4328 sq.
1369 4289 1434 4298 —
1489 4257 1713 4313 Lubin
1767 4276 1820 4328 p.
1847 4258 1964 4313 343.
2022 4289 2083 4297 —
2140 4258 2387 4314 Piazza
2441 4277 2494 4329 p.
2520 4260 2623 4314 556
2647 4278 2728 4328 sq.
2773 4289 2837 4297 —
2892 4257 2955 4313 G.
2981 4258 3038 4313 P.
3066 4257 3411 4314 Lucatelli
3465 4258 3690 4314 Notizie

791 4343 1056 4400 istoriche
1100 4344 1454 4401 concernenti
1497 4346 1555 4399 la
1608 4346 1758 4401 testa
1799 4344 1857 4399 di
1903 4347 1954 4399 S.
1982 4345 2312 4401 Sebastiano
2358 4349 2518 4401 mart.
2568 4346 2670 4399 che
2717 4345 2764 4399 si
2800 4345 3113 4400 custodisce
3148 4361 3178 4397 e
3216 4343 3264 4399 si
3303 4363 3502 4401 venera
3537 4347 3689 4401 nella

793 4430 984 4487 chiesa
1019 4429 1110 4485 dei
1146 4430 1236 4486 88.
1279 4429 1518 4492 Quattro
1557 4430 1820 4486 Coronati
1856 4429 1915 4485 di
1953 4430 2131 4487 Roma
2167 4431 2367 4495 (Roma
2407 4433 2578 4501 1757).
2614 4462 2679 4471 —
2718 4430 2944 4501 Nibby
2982 4431 3008 4484 Ι
3033 4431 3135 4486 682
3149 4448 3230 4499 sq.
3271 4462 3332 4470 —
3374 4432 3690 4487 Forcella

790 4517 926 4572 VIII
950 4516 1051 4572 287
1076 4535 1156 4585 sq.
1200 4547 1270 4556 —
1306 4516 1620 4572 Adinolfi
1658 4517 1809 4572 1327
1837 4535 1916 4585 sq.
1947 4548 2007 4556 -
2050 4519 2114 4573 G.
2144 4519 2202 4572 B.
2231 4519 2308 4574 De
2344 4517 2537 4573 Rossi
2575 4519 2599 4572 I
2638 4516 2786 4573 santi
2830 4515 3066 4578 Quattro
3105 4516 3372 4573 Coronati
3409 4536 3440 4574 e
3475 4518 3532 4573 la
3568 4518 3688 4574 loro

792 4601 985 4660 chiesa
1032 4602 1119 4658 sul
1175 4601 1330 4658 Celio
1374 4602 1433 4658 in
1470 4604 1704 4659 Bullett.
1753 4604 1812 4658 di
1864 4604 2107 4661 archeol.
2158 4605 2307 4660 crist.
2348 4606 2459 4661 Ser.
2496 4606 2576 4659 III
2614 4622 2664 4658 a..
2692 4603 2768 4657 IV
2806 4603 2985 4671 (1879)
3020 4621 3075 4673 p.
3099 4604 3168 4658 45
3192 4621 3273 4672 sq.
3318 4634 3387 4642 —
3441 4604 3688 4659 Armel—

793 4691 923 4746 lini
954 4696 971 4727 ¹
996 4708 1052 4760 p.
1078 4690 1202 4755 5713
1245 4695 1265 4725 ²
1290 4708 1345 4760 p.
1369 4691 1488 4746 497.
1529 4721 1592 4730 —
1633 4690 1671 4744 Ι.
1698 4689 1999 4746 Guiraud
2039 4692 2114 4746 Le
2151 4691 2287 4747 titre
2323 4692 2420 4747 des
2445 4692 2632 4746 Saints
2660 4691 2868 4753 Quatre
2896 4682 3212 4745 Com-onnes
3247 4708 3319 4745 au
3355 4694 3688 4762 moyen-age

791 4777 851 4831 in
904 4777 1114 4834 Etudes
1155 4775 1443 4832 d’histoire
1492 4778 1565 4832 du
1613 4781 1944 4847 moyen-age
1987 4777 2176 4833 dedice
2221 4783 2256 4834 a
2302 4777 2529 4834 Gabriel
2585 4778 2790 4833 Monod
2844 4775 3028 4843 (Paris
3066 4777 3223 4845 1896)
3273 4795 3328 4847 p.
3366 4778 3467 4832 235
3491 4796 3570 4846 sq.
3623 4808 3689 4817 —

792 4861 1142 4920 Marucchi
1178 4882 1233 4934 p.
1257 4863 1451 4932 223sq.

1005 5037 1193 5103 Hanc
1238 5038 1578 5103 ecclesiam
1623 5044 1942 5104 vetustate
1988 5039 2326 5123 insignem,
2386 5039 2573 5124 olim,
2629 5045 2700 5103 ut
2753 5039 2959 5104 credit
2999 5041 3074 5104 L.
3121 5039 3466 5104 Duchesne
3511 5039 3687 5124 (Lib.

787 5142 1012 5231 pontif.
1048 5142 1119 5207 II
1150 5147 1231 5208 43
1278 5148 1410 5208 not.
1463 5147 1540 5206 77
1590 5147 1656 5206 et
1712 5141 2049 5230 Melanges
2089 5141 2220 5207 vn
2261 5141 2444 5228 221),
2508 5144 2692 5208 titulo
2755 5143 3163 5209 Aemilianae
3231 5150 3689 5229 nuncupatam,
