4065 6049
1073 509 1400 567 vestararii.
1438 542 1503 551 —
1540 509 1902 581 Praepositus
1937 508 2214 580 coquinae
2249 507 2582 566 dominicae.
3191 515 3269 576 19

384 688 615 754 falsum
650 693 750 753 est
780 687 901 751 hoc
925 686 1352 774 privilegium,
1386 687 1643 751 omnino
1676 685 2070 751 reiciendam
2110 707 2251 753 esse
2274 692 2452 772 puto.
2522 684 2913 751 vestiarium
2938 684 3272 769 ecclesiae,

385 792 490 857 ubi
553 791 809 858 cimelia
859 790 1298 856 Romanorum
1361 791 1734 875 pontificum
1800 788 2356 873 custodiebantur,
2419 811 2457 855 a
2511 790 2822 855 Mauricio
2887 788 3273 855 chartulario

382 897 702 982 imperiali
733 917 791 960 a.
825 900 951 962 638
983 896 1326 981 spoliatum
1359 895 1633 980 legimus
1661 896 1728 959 in
1759 895 1915 960 Vita
1944 894 2234 961 Severini
2267 893 2641 979 (Duchesne
2675 894 2706 957 I
2731 896 2884 969 328;
2916 893 3279 959 Mommsen

386 1024 445 1085 p.
497 1001 668 1087 175).
767 998 1193 1085 Temporibus
1237 996 1537 1084 Gregorii
1570 999 1637 1061 II
1691 1005 1758 1063 et
1801 997 2120 1064 Hadriani
2149 998 2186 1062 I
2228 1005 2568 1063 occurrunt
2622 997 2959 1063 vestararii
3017 997 3280 1084 Sergius

383 1103 472 1189 (n.
513 1102 597 1189 1),
653 1103 883 1169 Miccio
929 1102 1018 1187 (n.
1053 1103 1141 1188 2),
1196 1102 1533 1167 Ianuarius
1577 1100 1951 1187 (Duchesne
1983 1101 2017 1165 I
2050 1105 2196 1168 505.
2243 1105 2390 1169 506.
2438 1106 2565 1167 519
2611 1108 2742 1167 not.
2778 1104 2919 1189 77),
2964 1105 3124 1189 Leo,
3170 1102 3279 1189 qui

384 1215 614 1293 postea
665 1209 804 1274 Leo
858 1207 964 1271 ΠΙ
1023 1228 1194 1292 papa
1251 1206 1624 1292 (Duchesne
1679 1206 1749 1270 II
1799 1204 1884 1289 1).
1984 1206 2278 1272 Oalixtus
2321 1206 2391 1270 II
2446 1207 2508 1271 in
2566 1208 2810 1291 palatio
2856 1208 3279 1273 Lateranensi

386 1311 706 1396 capellam
752 1333 801 1376 s.
832 1310 895 1375 N
897 1310 1108 1397 icolai‚
1156 1311 1427 1376 fortasse
1475 1312 1541 1374 in
1585 1332 1663 1377 eo
1711 1311 1885 1396 1000,
1943 1309 2055 1376 ubi
2098 1312 2275 1397 prius
2319 1334 2369 1376 s.
2403 1310 2692 1376 Caesarii
2739 1313 3090 1378 oratorium
3136 1311 3276 1396 fuit,

387 1416 743 1479 construxit
792 1413 913 1498 „ad
959 1414 1286 1479 assiduum
1315 1414 1754 1480 Romanorum
1787 1415 2163 1499 pontificum
2194 1436 2412 1494 usum3
2460 1417 2641 1480 iuxta
2687 1437 2882 1502 quam
2914 1415 3281 1481 aedificavit

386 1518 546 1583 duas
590 1540 882 1585 cameras
927 1519 1262 1603 contiguas
1318 1540 1461 1583 cum
1516 1524 1652 1584 tuto
1700 1521 2030 1604 vestiario,
2094 1519 2267 1605 quod
2326 1519 2444 1585 sub
2503 1521 2596 1586 eis
2654 1521 2794 1587 fieri
2857 1520 3040 1604 fecit,
3086 1540 3282 1584 unam

387 1622 689 1689 videlicet
755 1622 1184 1688 cubicularem
1241 1631 1309 1688 et
1365 1645 1482 1707 pro
1541 1625 1806 1689 secretis
1862 1624 2142 1689 consiliis
2196 1624 2508 1691 alteram“
2572 1624 2946 1712 (Duchesne
3007 1623 3077 1687 Π
3123 1625 3280 1695 378;

386 1726 467 1791 cf.
513 1749 577 1811 p.
613 1730 737 1793 325
783 1734 913 1791 not.
948 1727 1080 1814 22).

384 1864 465 1928 *1
2954 1903 3030 1914 -
3131 1865 3168 1931 ,9

387 1966 852 2054 [Gregorius
897 1966 1031 2056 1122]
1078 1968 1306 2056 Sergio
1351 1969 1728 2055 presbytero
1776 1977 1843 2037 et
1885 1972 2270 2035 vestarario:
2317 1992 2437 2056 per
2481 1865 2947 2039 emunitiossaeffi
2989 1867 3286 2041 cffrlcgdit

386 2073 655 2138 fundum
701 2073 1145 2159 Capanianum
1201 2095 1345 2139 cum
1399 2073 1593 2138 domo
1651 2095 1766 2139 sua
1827 2080 1893 2141 et
1935 2075 2126 2140 vinea
2169 2096 2307 2159 pos.
2355 2074 2458 2140 via
2503 2074 2841 2143 Flaminea
2886 2078 3094 2144 XIIII
3141 2078 3285 2164 plus

386 2177 597 2242 minus
641 2177 917 2243 miliario
962 2178 1047 2243 ab
1092 2177 1214 2243 hac
1259 2177 1418 2242 urbe
1462 2177 1674 2243 Roma
1721 2199 1802 2243 ex
1849 2198 2118 2262 corpore
2163 2179 2533 2264 patrimonii
2578 2179 2871 2248 Tusciae.

605 2287 791 2343 Laud.
826 2289 889 2343 in
932 2287 1178 2359 Grcyom'i
1212 2288 1290 2342 II
1308 2289 1594 2360 ffivikqio
1640 2289 1921 2343 locationis
1961 2288 2234 2359 Stephano
2274 2290 2572 2361 presbytero
2613 2309 2666 2347 a.
2696 2299 2787 2348 725
2819 2292 2980 2362 april.
3011 2299 3071 2349 13
3103 2293 3288 2360 factae

386 2375 466 2444 (J.
497 2382 633 2430 1666.
672 2375 787 2432 JE.
822 2379 995 2446 2173).
1034 2406 1101 2416 -
1137 2376 1270 2446 Req.
1295 2376 1405 2431 JE.
1444 2406 1526 2430 -.

776 2470 1170 2534 Quaestionem
1210 2475 1399 2527 utrum
1436 2470 1706 2543 Gregorio
1728 2471 1781 2526 11
1817 2488 1890 2526 an
1928 2470 2188 2541 cuiquam
2228 2471 2483 2543 Gregorii
2509 2473 2561 2527 11
2598 2473 3084 2545 praedecessorum
3121 2473 3284 2531 attri-

597 2558 822 2615 buenda
855 2557 933 2614 sit
967 2558 1108 2615 haec
1144 2557 1433 2626 emunitio,
1468 2561 1778 2629 praetereo.

388 2683 436 2747 2
2792 2688 2924 2753 772
2963 2685 3083 2767 feb.
3115 2685 3202 2749 20

392 2785 842 2852 Hadrianus
887 2787 921 2851 I
966 2786 1252 2852 Probato
1286 2785 1432 2852 abb.
1467 2785 1819 2873 (Farfensi)
1865 2793 2019 2852 etc.:
2069 2788 2397 2853 constituit
2442 2808 2525 2853 ex
2570 2809 2686 2854 sua
2716 2810 2994 2874 persona
3023 2789 3286 2855 Miccio-

392 2910 542 2954 nem
574 2891 892 2954 notarium
923 2891 1356 2974 regionarium
1405 2898 1471 2955 et
1515 2891 1795 2975 priorem
1828 2891 2113 2955 vestiarii
2160 2914 2209 2955 s.
2244 2891 2558 2957 ecclesiae
2592 2894 2857 2979 eiusque
2889 2914 3292 2959 successores

392 2996 675 3060 vestiarii
708 2996 976 3080 priores,
1008 3002 1079 3059 ut
1109 2995 1403 3081 quotiens
1434 3014 1879 3081 quaecumque
1912 3013 2104 3060 causa
2134 2997 2523 3060 monasterio
2556 2999 2920 3076 accesserit,
2952 2995 3291 3062 confestim

393 3098 476 3163 ad
508 3120 622 3165 eos
652 3101 825 3163 omni
857 3099 921 3162 iu
954 3107 1246 3184 tempore
1278 3098 1575 3164 monachi
1609 3106 1805 3184 atque
1837 3099 2012 3162 missi
2044 3100 2420 3164 monasterii
2451 3099 2799 3165 adveniant
2842 3121 3118 3187 suasque
3164 3101 3292 3166 illis

393 3204 679 3268 referant
723 3224 948 3268 causas
995 3211 1062 3267 et
1106 3202 1188 3267 ab
1236 3204 1388 3287 ipsis
1433 3202 1751 3287 prioribus
1796 3203 2079 3268 vestiarii
2125 3206 2418 3289 proprias
2463 3205 2739 3269 iustitias
2785 3207 3115 3290 recipiant.

781 3333 831 3369 v.
868 3314 1051 3375 Fal-fa,
2201 3391 2209 3399 ⁶

392 3436 475 3499 *3
2990 3476 3074 3487 —
3119 3478 3202 3487 —

393 3538 416 3628 [
424 3589 974 3606 ......
978 3539 998 3629 ]
1031 3541 1326 3608 concedit
1354 3541 1588 3626 Pipino
1620 3541 1971 3606 vestarario
2005 3561 2124 3625 per
2151 3542 2483 3626 praecepti
2514 3543 2820 3629 paginam
2851 3544 3289 3628 possessiones

395 3644 709 3729 quasdam
755 3646 821 3709 in
865 3647 1188 3711 territorio
1235 3645 1631 3712 Sublacensi.

603 3754 786 3810 Laud.
812 3756 875 3810 in
901 3755 1143 3812 Caesarii
1164 3758 1400 3812 consulis
1425 3763 1473 3811 et
1494 3757 1663 3824 ducis,
1692 3757 1795 3824 filii
1816 3756 1861 3816 b.
1889 3774 1956 3811 m.
1987 3756 2185 3826 Pipim‘
2209 3757 2511 3822 vestararii,
2538 3757 2727 3812 charta
2750 3775 2802 3814 a.
2831 3763 2939 3813 883
2955 3757 3033 3827 (9)
3056 3773 3180 3826 auq.
3205 3765 3284 3826 21,

394 3857 533 3911 quac
553 3847 727 3896 astat
749 3843 812 3896 in
838 3842 1058 3913 Reyoeto
1081 3844 1360 3900 Sublacen.
1381 3845 1426 3911 f.
1446 3850 1481 3899 8
1513 3844 1621 3910 (ed.
1646 3842 1830 3898 Allodi
1851 3861 1878 3897 e
1902 3843 2036 3897 Levi
2064 3861 2123 3912 p.
2151 3853 2206 3898 11
2241 3860 2297 3899 n.
2324 3847 2392 3910 1),
2427 3844 2522 3898 ubi
2556 3844 2768 3913 tegrimus
2802 3843 2969 3899 sicuti
3004 3843 3288 3913 quondam

395 3928 598 4000 Pipino
649 3929 741 3985 bo,
794 3947 899 3986 me.
943 3931 1251 3986 vestarario
1299 3930 1541 4001 genitori
1593 3948 1718 3986 meo
1766 3948 1868 4001 per
1914 3930 2172 4001 precepti
2220 3930 2432 4001 pagina
2481 3931 2554 3985 ad
2602 3933 2797 3986 sancte
2847 3930 3003 3986 Rom.
3052 3930 3289 3987 ecclesie

397 4016 614 4072 cunctis
650 4016 907 4073 omnibus
941 4017 1324 4073 immobilibus
1362 4017 1501 4074 locis
1539 4017 1803 4074 detentus
1839 4016 1965 4073 fuit.
2004 4046 2070 4057 —
2110 4018 2244 4087 Ray.
2280 4016 2392 4071 JE.
2428 4046 2512 4072 -.

777 4091 1046 4168 Oliartam
1096 4111 1276 4181 ipsam
1322 4111 1572 4182 spuriam
1621 4128 1738 4166 esse
1785 4109 2133 4167 contendunt
2168 4110 2440 4166 Muratori
2478 4110 2668 4179 Antiq.
2715 4111 2790 4165 111
2842 4113 2906 4166 15
2954 4114 3012 4168 et
3061 4112 3228 4184 Egidi
3265 4112 3288 4166 1

603 4197 905 4253 monasteri
942 4197 1000 4253 di
1037 4198 1278 4253 Subiaco
1316 4198 1469 4254 1200
1492 4216 1591 4267 sq..
1630 4198 1727 4252 sed
1763 4196 2024 4268 Pipinum
2055 4196 2421 4252 vestararium
2458 4200 2610 4253 certe
2646 4197 2946 4263 exstitisse,
2983 4215 3051 4253 ex
3090 4198 3290 4254 charta

602 4303 654 4341 a.
682 4284 786 4340 857
834 4284 891 4339 in
939 4285 1131 4340 eodem
1177 4285 1422 4356 Regesto
1458 4284 1783 4341 Sublacensi
1821 4283 2109 4354 exscripta
2145 4284 2290 4351 (edd.
2329 4284 2569 4339 Galletti
2614 4302 2669 4354 p.
2704 4284 2772 4339 38
2785 4304 2798 4347 ;
2836 4283 3026 4339 Allodi
3073 4301 3103 4339 e
3155 4285 3288 4339 Levi

604 4390 659 4442 p.
690 4371 790 4427 132
824 4391 878 4428 n.
902 4372 992 4441 87)
1029 4377 1268 4428 constat.
1304 4390 1418 4441 qua
1453 4371 1688 4443 Pipinus
1726 4372 1918 4427 consul
1956 4375 2017 4428 et
2054 4372 2162 4427 dux
2199 4376 2371 4440 atque
2397 4372 2738 4427 vestararius
2773 4375 2978 4427 terram
3005 4372 3289 4441 quandam

603 4459 741 4513 iuris
767 4459 1103 4516 venerabilis
1129 4459 1464 4528 vestiarii(⁴?)
1502 4460 1753 4515 Romano
1789 4459 2133 4515 subdiacono
2170 4462 2342 4528 atque
2377 4458 2694 4530 regionario
2731 4459 2783 4513 S.
2810 4458 2875 4512 R.
2899 4457 2959 4512 E.
2999 4458 3288 4515 concessit.

602 4545 682 4599 Ex
719 4564 830 4614 quo
868 4546 1058 4617 colligi
1082 4549 1290 4617 potest,
1330 4546 1689 4618 privilegium
1715 4546 1919 4617 Pipino
1957 4551 2059 4602 aut
2095 4565 2129 4601 a
2167 4547 2350 4601 Leone
2376 4546 2451 4600 lv
2489 4550 2591 4601 aut
2625 4546 2698 4600 ab
2735 4545 2850 4600 alio
2886 4546 2938 4601 ei
2964 4544 3289 4602 immediate

604 4633 1018 4689 succedentium
1056 4632 1384 4703 pontificum
1422 4651 1738 4689 concessum
1777 4634 1961 4690 fuisse.

1170 4876 1640 4960 Praepositae
1688 4877 2036 4959 coquinae
2081 4875 2501 4943 dominicae.

398 4964 475 5027 *1
2839 4962 3205 5047 (715—31)

400 5066 816 5156 Gregorius
846 5068 917 5133 II
961 5069 1266 5135 Heraclio
1299 5071 1669 5155 praeposito
1704 5071 2015 5155 coquinae
2049 5069 2438 5135 dominicae:
2488 5070 2659 5133 locat
2705 5067 2970 5133 fundum
3004 5068 3283 5133 Oasasiri

402 5194 479 5236 ex
524 5195 794 5258 corpore
842 5195 1092 5239 massae
1139 5174 1430 5239 Porculis
1476 5176 1841 5260 patrimonii
1890 5176 2193 5239 Lavican.

779 5302 827 5339 v,
867 5284 1104 5352 Latium,
1143 5285 1547 5340 Patrimonium
1588 5284 1844 5339 Lavican.

2907 5368 2973 5423 2*
