4065 6049
1453 444 1600 499 Eecl.
1637 462 1678 499 s.
1706 443 1869 499 Pauli
1906 446 2066 500 extra
2102 462 2302 501 muros.
3201 454 3316 514 167

433 619 579 673 Edd.
619 618 895 672 Bar-onius
940 618 1090 672 Arm.
1127 615 1200 669 ad
1243 634 1296 671 a.
1337 625 1431 671 741
1472 634 1514 672 c.
1545 626 1616 672 12.
1695 618 2015 687 Namarini
2052 618 2219 673 Inscr.
2248 637 2308 688 Ρ.
2336 629 2366 673 4
2402 637 2456 674 n.
2485 626 2568 675 30.
2662 619 2977 690 Mamm-ini
3011 620 3155 673 Bull.
3200 620 3318 675 Cas.

439 707 508 760 11
530 717 560 760 4
597 723 650 759 n.
677 714 709 760 6
749 729 811 750 =
849 705 1135 758 Muratori
1172 704 1307 758 Nov.
1345 704 1470 759 mes.
1509 710 1602 760 vet.
1639 705 1800 758 inser.
1830 705 1919 760 IV
1957 712 2084 760 1881
2121 724 2175 759 n.
2206 716 2234 760 1
2259 731 2321 752 =
2359 706 2621 761 Nouvcau
2656 708 2815 762 traitc'
2846 707 2908 761 dc
2942 708 3320 776 diplomatique

444 795 493 848 V
529 802 616 848 157
646 799 754 846 not.
785 802 824 846 1.
901 791 1192 845 Bianclzini
1228 793 1410 859 praef.
1449 791 1527 844 ad
1561 792 1930 847 Anastasium.
2005 791 2165 846 Carti.
2211 793 2533 847 Tlaommasii
2575 795 2845 861 Omtscula
2888 795 3042 848 varia
3077 794 3157 848 ed.
3198 795 3318 848 Vez-

430 881 537 933 zosi
567 880 688 933 VII
707 888 790 933 20.
837 878 1043 946 Boryia
1074 878 1190 931 Vat.
1210 879 1351 944 cons.
1371 896 1426 946 Ρ.
1456 878 1742 933 CCXLII.
1804 880 2123 933 Cancellicri
2148 880 2231 933 De
2252 881 2544 934 secretariis
2569 881 2677 936 bas.
2711 881 2825 935 Vat.
2857 882 2930 934 II
2934 889 3046 935 674.
3099 881 3322 935 Nicolai

425 986 485 1037 Ρ.
516 977 609 1021 187
641 984 696 1021 π.
721 974 834 1021 349.
909 965 975 1020 G.
1008 965 1218 1017 Marini
1254 983 1342 1033 ap.
1385 965 1452 1018 Α.
1486 965 1608 1018 Mai
1644 965 1757 1019 Ser.
1795 972 1893 1021 vet.
1930 984 2074 1020 nova
2118 967 2231 1022 coll.
2270 967 2315 1022 V
2349 976 2445 1022 214
2482 985 2535 1023 n.
2566 979 2606 1022 1.
2679 968 2771 1022 Dc
2809 968 2969 1023 Rossi
3004 969 3174 1021 Inser.
3211 968 3317 1021 chr.

434 1055 534 1107 11⁵
560 1062 657 1109 423
693 1071 746 1109 n.
775 1062 854 1107 41.
920 1052 1118 1107 Grisar
1140 1052 1305 1105 Amal.
1336 1052 1490 1106 Rom.
1519 1052 1559 1104 I
1575 1060 1672 1107 169
1705 1070 1759 1106 n.
1789 1060 1853 1107 18
1888 1055 2019 1120 (tub.
2051 1054 2158 1107 III
2184 1072 2238 1108 n.
2263 1062 2336 1122 3).
2363 1085 2428 1094 —
2457 1055 2613 1125 Reqq.
2641 1056 2823 1124 Pomp.
2852 1056 3085 1110 Sur-nelli
3113 1055 3319 1110 Latere

432 1140 804 1196 eoelesiustiche
841 1141 939 1206 (In
975 1140 1194 1195 chaet'a
1231 1142 1381 1207 1740)
1433 1139 1517 1193 VI
1543 1147 1623 1195 37.
1694 1139 1747 1195 J.
1785 1146 1924 1196 1737.
1993 1140 2107 1196 JE.
2145 1148 2287 1195 2254.

811 1255 879 1309 cs.
907 1271 957 1308 v.
985 1253 1500 1324 Pflugk·Harttung
1536 1252 1594 1308 in
1634 1253 1869 1320 Quellen
1907 1272 1957 1310 u.
1985 1255 2210 1310 Forsch.
2235 1255 2311 1310 lv
2353 1256 2469 1310 173.

434 1413 514 1473 *6
2903 1418 3032 1477 817
3038 1453 3102 1462 -
3116 1419 3201 1479 24

431 1516 485 1580 P
498 1515 852 1579 aschalis
897 1515 930 1577 I
975 1516 1308 1579 confirmat
1339 1517 1775 1600 possessiones
1808 1523 1872 1580 et
1902 1518 2277 1580 nominatim
2312 1523 2513 1581 totam
2545 1417 3043 1582 Galeriam(cum
3077 1419 3319 1583 eolo)nis

432 1628 498 1683 et
529 1618 875 1683 colonabus
906 1620 1034 1683 suis
1065 1626 1131 1683 et
1163 1620 1455 1683 omnibus
1489 1622 1793 1704 terminis,
1842 1627 2119 1705 excepta
2167 1629 2337 1686 terra
2368 1643 2587 1705 parva,
2639 1645 2831 1707 quam
2877 1622 3116 1689 ibidem
3150 1623 3313 1688 deti-

430 1729 541 1788 net
585 1746 633 1786 s.
669 1722 891 1787 Sabas.

639 1851 826 1906 Laud.
862 1850 924 1903 in
959 1869 1014 1904 n.
1045 1858 1117 1905 16.
1155 1881 1220 1890 -
1261 1850 1388 1919 Περ.
1427 1849 1549 1906 JE.
1586 1880 1669 1905 —.

431 1998 472 2056 7
2871 1994 3232 2073 (847—55)

429 2100 581 2161 Leo
629 2097 725 2162 IV
765 2096 1057 2160 omnibus
1098 2094 1454 2158 christianis
1497 2095 1787 2157 notitiam
1821 2096 2330 2158 contestationis:
2382 2097 2766 2181 quicumque
2800 2097 2968 2161 dona
3001 2098 3103 2163 vel
3137 2099 3316 2163 obla-

432 2203 636 2264 tiones
682 2200 901 2263 altaris
946 2198 1005 2261 b.
1040 2198 1227 2261 Pauli
1277 2199 1595 2281 totiusque
1645 2197 1867 2280 templi
1926 2199 2064 2262 eius
2122 2197 2204 2261 ab
2250 2220 2365 2262 usu
2413 2206 2479 2263 et
2523 2200 2796 2264 utilitate
2846 2200 2948 2265 hie
2994 2203 3135 2267 Deo
3183 2226 3316 2268 ser·

430 2306 737 2369 vientium
786 2303 1011 2367 tollere
1058 2302 1561 2386 praesumpserit
1606 2306 1717 2364 aut
1762 2307 2078 2366 rectorem
2127 2323 2243 2385 per
2274 2303 2612 2385 pecuniam
2645 2304 2747 2366 vel
2781 2304 3044 2388 aliquod
3077 2306 3317 2370 malum

430 2409 753 2491 ingenium
802 2405 1192 2469 ordinaverit
1236 2405 1368 2469 sive
1410 2404 1837 2468 hereditatem
1885 2404 2071 2468 huius
2105 2405 2230 2469 loei
2261 2404 2541 2471 vendere
2574 2407 2678 2471 vel
2719 2428 3094 2492 comparare
3128 2432 3318 2473 ausus

431 2514 649 2593 fuerit,
703 2512 827 2575 Dei
873 2508 1391 2574 maledictionem
1449 2509 1514 2571 in
1560 2529 1826 2592 corpore
1875 2530 1988 2571 suo
2036 2510 2293 2593 suisque
2341 2509 2531 2573 rebus
2577 2510 2833 2575 habeat.
2883 2550 2965 2558 —
3013 2513 3315 2587 Quicum-

431 2639 554 2702 que
602 2616 789 2680 dona.

641 2744 852 2797 Tabula
895 2757 1191 2795 rnarmorea
1232 2742 1295 2794 in
1340 2758 1476 2795 mon.
1521 2758 1564 2796 s.
1605 2739 1775 2794 Pauli
1809 2739 1907 2810 [=
1955 2740 2016 2795 P.
2055 2740 2252 2795 Sabini
2304 2739 2434 2809 Syll.
2470 2741 2634 2795 inser.
2670 2740 2781 2795 chr.
2818 2758 2860 2795 8.
2900 2741 3054 2796 XVI
3098 2744 3160 2796 in
3202 2744 3317 2800 cod.

429 2835 606 2886 Marc.
642 2832 703 2885 cl.
735 2830 795 2883 X
828 2846 870 2884 c.
898 2838 993 2884 195
1026 2830 1068 2893 f.
1096 2837 1217 2883 288.
1288 2829 1356 2882 Α.
1386 2828 1694 2882 Massarelli
1729 2828 1949 2881 fili-scell.
1977 2828 2011 2880 1
2043 2829 2085 2894 s.
2114 2835 2209 2883 136
2242 2826 2296 2881 S.
2332 2827 2578 2881 Severino
2615 2827 2751 2882 Bibl.
2776 2830 3066 2883 wrnunale.
3140 2831 3317 2886 lusor.

428 2919 575 2971 urbis
616 2917 822 2971 Rornae
844 2934 883 2970 s.
917 2915 1073 2969 XVI
1097 2915 1158 2967 in
1197 2914 1353 2969 Arch.
1395 2914 1506 2967 Vnt.
1547 2915 1704 2969 Μία).
1731 2916 1883 2970 Arm,
1911 2914 1986 2967 II
2013 2918 2051 2968 t.
2075 2922 2141 2968 46
2170 2915 2213 2980 s.
2241 2917 2320 2969 16⁴
2332 2934 2350 2981 ,-
2386 2916 2533 2968 Arm.
2572 2914 2660 2968 VI
2687 2919 2722 2968 t.
2752 2906 2895 2980 30'f.
2920 2923 3011 2982 69,·
3049 2918 3201 2971 Arm.
3228 2918 3330 2972 XI

427 3011 464 3060 t.
491 3013 559 3060 43
601 3006 645 3070 f.
692 3010 818 3071 108,·
861 3001 973 3058 cod.
1012 3002 1126 3056 Vae.
1163 3003 1255 3056 lut.
1293 3009 1433 3058 3457
1462 3003 1506 3067 s.
1531 3003 1644 3070 40‘5
1680 3001 1792 3057 cod.
1833 3001 2080 3056 Vauioell.
2124 3000 2170 3056 C
2201 3009 2260 3056 16
2297 3001 2339 3068 s.
2367 3005 2491 3057 154¹.
2575 3001 2625 3058 I.
2659 3001 2731 3057 Β.
2783 3002 2957 3057 Donii
2994 3005 3169 3059 Inscr.
3204 3006 3318 3060 coll.

426 3112 466 3148 s.
499 3091 689 3146 XVII
723 3092 787 3143 in
831 3090 943 3144 cod.
983 3091 1102 3144 Vnt.
1139 3091 1301 3143 Barb.
1340 3097 1465 3144 2756
1508 3088 1821 3155 (XXXIV
1852 3097 1925 3156 73,
1971 3090 2097 3142 olim
2144 3093 2303 3154 3583)
2331 3108 2390 3158 Ρ.
2433 3098 2556 3145 399.
2647 3090 2711 3145 G.
2757 3090 3061 3145 Ten-{bizini
3096 3092 3323 3147 Scltcdac

426 3198 468 3234 s.
499 3180 560 3233 X
576 3179 727 3231 VIII
755 3179 817 3231 in
852 3177 965 3232 cod.
1004 3180 1259 3231 Casanat.
1297 3185 1429 3231 2185
1466 3177 1621 3243 (XX
1659 3177 1759 3229 XI
1792 3181 1843 3238 9)
1877 3176 1922 3242 s.
1952 3185 2055 3230 125.
2140 3176 2268 3232 God.
2304 3176 2433 3245 dipl.
2468 3195 2509 3231 s,
2541 3177 2709 3230 Pauli
2741 3194 2783 3232 s.
2825 3177 3043 3232 XVIII
3068 3179 3113 3245 s.
3139 3180 3215 3250 2].
3255 3211 3320 3221 -

428 3265 574 3319 ΕιΙᾱ.
621 3265 887 3318 Ραηιίἠίο
925 3264 1009 3318 Dc
1036 3263 1354 3333 fflaecipuis
1400 3262 1554 3318 Urbis
1587 3262 1819 3316 basilicis
1845 3280 1903 3330 p.
1934 3271 2008 3317 72.
2065 3263 2379 3332 ΙΙΙαπῃανὶηί
2403 3263 2576 3317 Inscr.
2590 3281 2649 3331 Ρ.
2676 3271 2744 3318 28
2768 3282 2823 3319 π.
2851 3273 2974 3320 384.
3028 3266 3322 3321 flaciacus

429 3352 586 3405 Mem.
624 3350 900 3419 stmlcrali
928 3368 985 3418 Ρ.
1019 3359 1103 3405 53.
1147 3350 1461 3419 Maryarini
1485 3350 1633 3405 Ball.
1675 3351 1792 3403 Cas.
1821 3350 1895 3403 II
1913 3358 1979 3404 20
2015 3367 2070 3404 n.
2096 3359 2163 3404 24
2190 3374 2255 3396 =
2284 3349 2564 3404 Muratori
2599 3350 2731 3404 Nou.
2770 3351 2897 3405 thes.
2928 3358 3021 3406 vet.
3046 3353 3208 3407 inser.
3234 3353 3323 3406 IV

433 3448 557 3492 1901
592 3456 647 3491 n.
680 3447 726 3492 5.
809 3438 951 3491 Ball.
989 3437 1142 3490 Rern.
1179 3436 1254 3490 cd.
1295 3435 1635 3504 Coequclines
1674 3436 1714 3489 I
1749 3445 1839 3490 161
1880 3453 1935 3490 η.
1968 3443 2001 3489 2
2049 3460 2115 3482 =
2160 3437 2305 3492 Bau.
2358 3437 2512 3493 Rom.
2560 3437 2639 3491 cd.
2692 3438 2854 3493 Taur.
2895 3440 2932 3492 1
2971 3447 3069 3493 258
3103 3457 3157 3492 n.
3185 3447 3217 3493 2
3253 3463 3317 3485 -·

429 3526 613 3592 Μὶφιε
667 3523 936 3577 CXXIX
992 3531 1085 3576 971
1137 3540 1190 3575 η.
1225 3532 1274 3577 4.
1373 3522 1591 3577 Galloni
1639 3522 1812 3577 Inscr.
1872 3523 2026 3578 Rom,
2072 3524 2106 3576 1
2145 3531 2206 3578 17
2247 3540 2302 3579 n.
2346 3530 2426 3577 20.
2526 3523 2746 3577 Nicolm'
2791 3542 2851 3592 p.
2890 3534 2988 3578 206
3032 3543 3091 3578 n.
3128 3531 3227 3578 426
3246 3526 3317 3581 Β.

431 3615 497 3671 G.
525 3613 738 3668 Marini
773 3630 863 3681 αΡ.
901 3613 969 3666 Λ.
1001 3613 1125 3665 Mai
1163 3612 1279 3666 Ser.
1317 3617 1413 3665 vet.
1451 3628 1592 3665 nova
1636 3612 1753 3667 coll.
1781 3611 1828 3666 V
1861 3618 1954 3666 215
1989 3628 2045 3666 n.
2072 3621 2116 3666 1.
2188 3611 2276 3665 De
2326 3611 2487 3666 Rosea?
2523 3610 2697 3664 Imcr.
2735 3611 2848 3665 chr.
2876 3611 2984 3664 ΙΙ*
3017 3619 3119 3666 423
3154 3630 3209 3667 n.
3235 3621 3317 3668 40.

432 3701 627 3754 Grisar
667 3700 834 3754 Amal.
873 3699 1027 3753 Rom.
1049 3703 1088 3752 I
1119 3707 1219 3754 183
1255 3716 1309 3752 n.
1335 3707 1398 3752 26
1434 3700 1562 3763 (tub.
1593 3698 1639 3752 V
1671 3716 1725 3751 n.
1753 3701 1818 3767 1).
1855 3728 1921 3737 -
1961 3698 2120 3768 Rcyy.
2155 3698 2220 3753 J.
2257 3706 2402 3753 1931.
2439 3697 2553 3753 JE.
2590 3705 2732 3752 2535.

808 3812 877 3866 cf.
917 3830 964 3865 v.
1002 3811 1538 3881 Pssugk-Harttung
1587 3810 1645 3864 iu
1693 3810 1927 3873 Quelleu
1975 3830 2026 3865 n.
2074 3811 2297 3865 Forseh.
2336 3811 2410 3864 lv
2469 3810 2569 3866 173
2597 3828 2676 3877 sq.
2727 3839 2789 3848 —-
2840 3809 3094 3866 Editores
3142 3830 3320 3881 paene

644 3916 832 3954 onmes
870 3898 975 3952 hoc
1014 3898 1295 3952 decretum
1338 3896 1507 3950 Leoni
1546 3897 1626 3950 111
1664 3897 2067 3961 attribuerunt;
2105 3897 2298 3966 itaque
2333 3896 2477 3953 Jaffe
2514 3898 2573 3951 et
2600 3895 2791 3949 Ewald
2830 3897 2977 3951 inter
3012 3897 3210 3952 Leonis
3236 3900 3317 3952 111

634 3989 858 4055 regesta
884 3988 1227 4053 receperunt.
1283 3983 1391 4038 Sed
1429 3983 1508 4037 De
1535 3982 1694 4037 Rossi
1720 3983 1986 4054 gravibus
2011 3983 2419 4040 demonstravit
2443 3983 2803 4054 argumentiS,
2840 3983 2897 4038 id
2923 3986 3023 4038 aut
3050 3985 3217 4038 Leoni
3243 3985 3318 4038 1v

633 4075 735 4127 aut
789 4070 956 4125 Leoni
1000 4070 1098 4124 VII
1156 4069 1582 4125 adscribendum
1639 4088 1772 4125 esse.
1863 4070 1981 4140 Ego
2029 4071 2265 4125 Leonem
2311 4070 2388 4124 lV
2435 4074 2719 4124 auctorem
2770 4070 3097 4139 diplomatis
3150 4071 3317 4126 fnisse

635 4155 987 4222 crediderim,
1033 4155 1362 4226 praesertim
1408 4173 1579 4224 quum
1615 4154 1714 4210 ille
1760 4155 1931 4210 suerit
1978 4174 2235 4226 expresse
2269 4155 2591 4211 nominatus
2627 4156 2686 4209 in
2726 4154 2980 4227 Gregorii
3007 4157 3111 4210 Vll
3149 4155 3316 4226 privi-

635 4244 784 4315 legio
819 4247 890 4310 (n.
921 4246 1024 4313 16).

428 4368 507 4429 *8
2870 4365 3231 4447 (847-55)

428 4474 579 4536 Leo
627 4471 721 4536 IV
771 4473 1139 4555 „constituit
1183 4473 1247 4535 in
1293 4470 1558 4536 basilica
1604 4469 1666 4533 b.
1700 4469 1887 4534 Pauli
1921 4474 2127 4553 apost.
2164 4519 2177 4532 .
2214 4519 2227 4532 .
2274 4470 2672 4554 vespertinas
2716 4468 2971 4552 publice
3003 4490 3043 4533 a
3089 4476 3315 4534 cuncto

428 4576 599 4639 clero
645 4582 711 4639 et
756 4575 976 4639 schola
1023 4575 1126 4639 die
1174 4575 1406 4639 natalis
1452 4576 1588 4640 eius
1633 4573 1911 4657 psallere
1957 4572 2246 4637 laudes“.

633 4703 818 4758 Laud.
853 4703 916 4755 in
957 4703 1087 4760 Vita
1120 4703 1327 4758 Leonis
1364 4703 1452 4757 IV
1483 4703 1627 4770 (Lib.
1645 4703 1845 4770 pontis.
1885 4701 1966 4755 cd.
1991 4700 2274 4756 Ducloesne
2312 4701 2385 4755 II
2416 4700 2552 4771 108).
2590 4731 2655 4739 —-
2694 4700 2820 4770 ch.
2847 4700 2965 4755 JE.
3004 4732 3086 4755 —.

427 4882 508 4942 *9
2900 4877 3199 4938 942—46

427 4982 766 5046 Marinus
812 4981 879 5044 II
925 4984 1359 5067 possessiones
1391 4983 1725 5047 confirmat
1771 4987 1838 5046 et
1881 4979 2174 5045 coneedit
2205 4980 2580 5044 nominatim
2627 4878 2953 5044 civitate(m
2986 4879 3313 5044 Patricim

428 5108 569 5149 eum
644 5086 938 5149 omnibus
1002 5086 1396 5170 appendiciis
1463 5094 1529 5151 et
1595 5108 1737 5150 eum
1803 5092 1939 5149 tota
2002 5085 2277 5149 eeclesia
2339 5106 2386 5147 e.
2430 5084 2788 5165 Laurentii,
2858 5084 2984 5148 duo
3054 5106 3311 5169 quoque

427 5189 715 5273 castella,
763 5188 828 5252 id
875 5196 973 5253 est
1016 5191 1202 5254 Mons
1245 5190 1429 5256 Pado
1477 5191 1543 5255 et
1586 5191 1903 5275 Campum
1950 5189 2160 5253 laeum
2209 5195 2403 5273 atque
2450 5186 2847 5253 Grossetum.

635 5318 820 5373 Laud.
857 5318 919 5372 in
953 5334 1008 5374 n.
1031 5325 1092 5372 16
1126 5322 1175 5373 ct
1209 5327 1288 5374 19.
1325 5351 1393 5361 -
1432 5318 1684 5410 R093JL.
1721 5351 1808 5374 —.
