4065 6049
637 456 662 514 1
681 455 757 515 16
1984 445 2181 505 Roma.

629 623 709 687 *1
3078 626 3433 709 (974-83)

628 727 1102 793 Benedictus
1133 727 1264 793 VH
1308 728 1767 792 monasterium
1812 728 2037 791 statuit
2080 728 2559 812 monachosque
2605 727 2796 793 locat.

835 838 1018 893 Laud.
1055 838 1117 891 in
1152 837 1320 907 Ser-yid
1357 837 1392 891 1
1420 837 1530 892 abb.
1556 838 1843 905 sepulcrali
1879 838 2168 906 epiyraphe
2201 836 2337 904 (cdd.
2363 838 2563 891 Ner-ini
2592 854 2651 905 p.
2679 844 2748 891 68
2780 843 2829 892 et
2856 838 3133 893 Dudoesue
3164 840 3227 892 in
3250 838 3527 910 Melam

637 925 698 979 X
729 929 859 994 243)
906 930 954 979 et
989 926 1055 978 in
1090 924 1374 979 Benedicti
1408 923 1528 977 VII
1555 924 1743 978 tabula
1783 924 2069 993 sepulcrali
2111 924 2174 977 in
2222 924 2337 978 eccl.
2374 940 2416 978 8.
2446 924 2632 978 onmis
2665 924 2735 994 (v.
2756 925 2908 979 Eccl.
2942 941 2985 980 s.
3013 925 3200 980 Gnaei-s
3232 927 3296 980 in
3322 927 3525 981 Hieru-

631 1013 795 1066 salem
829 1028 885 1068 n.
910 1016 982 1080 2).
1018 1043 1082 1052 —
1123 1010 1252 1081 Ray.
1289 1010 1406 1066 JL.
1442 1043 1527 1067 —.

628 1153 711 1219 *2
3280 1154 3406 1215 996

630 1256 1056 1342 Gregorius
1096 1255 1158 1321 V
1204 1255 1501 1321 concedit
1544 1257 1935 1321 monasterio
1990 1278 2109 1341 per
2152 1276 2334 1320 suum
2378 1256 2785 1342 privilegium
2832 1155 3522 1344 medietatem(por)tae

629 1384 680 1425 s.
714 1360 902 1426 Pauli
947 1381 1091 1424 cum
1138 1359 1430 1424 omnibus
1475 1361 1606 1424 suis
1649 1361 2071 1445 pertinentiis.

837 1470 1022 1526 Laud.
1057 1472 1119 1525 in
1156 1470 1368 1526 Ottom's
1404 1471 1512 1525 111
1530 1472 1804 1540 pn‘vilcyn'o
1838 1488 1889 1524 a.
1921 1478 2016 1526 996
2050 1471 2177 1525 mai.
2202 1476 2281 1526 31.
2318 1500 2383 1509 —
2426 1470 2550 1540 Ray.
2589 1470 2708 1527 JL.
2744 1476 2888 1526 3865.

630 1596 675 1657 3
2960 1596 3129 1660 1002
3172 1598 3361 1658 mart.
3393 1595 3438 1657 8

632 1699 710 1762 In
754 1698 1120 1783 praesentia
1167 1697 1528 1764 Silvestri
1560 1699 1629 1762 Π
1676 1703 1743 1763 et
1772 1699 1967 1763 totius
1996 1698 2332 1764 Romanae
2365 1699 2580 1763 curiae
2611 1698 3002 1763 Benedictus
3030 1698 3215 1762 scrin.
3249 1697 3313 1762 S.
3339 1696 3418 1761 R.
3444 1696 3519 1762 E.

633 1802 1063 1887 Euphemiani
1087 1804 1583 1868 vetustissimam
1611 1802 2023 1868 donationem
2048 1804 2111 1867 in
2138 1810 2312 1867 tomo
2338 1803 2709 1867 charticinio
2741 1803 3166 1887 conscriptam
3197 1803 3525 1886 cognoscit

634 1914 701 1972 et
746 1906 1095 1992 exemplat.

837 2035 883 2074 v.
908 2018 1148 2074 duanam
1183 2035 1275 2088 ap.
1301 2018 1499 2073 Nerim'
1527 2035 1585 2088 p.
1611 2023 1706 2087 33,-
1740 2019 1966 2074 Monac-i
1998 2035 2053 2071 n.
2079 2028 2122 2073 1.
2163 2049 2222 2057 —
2264 2018 2391 2088 Ray.
2428 2019 2547 2075 JL.
2586 2049 2667 2073 -.

630 2163 673 2223 4
2920 2160 3088 2223 1140
3131 2162 3317 2223 mart.
3354 2157 3435 2221 14

631 2262 708 2327 In
761 2264 1126 2348 praesentia
1185 2264 1622 2328 Innocentii
1668 2263 1737 2327 H
1792 2263 2142 2328 iudicatum
2202 2262 2565 2328 celebratur
2620 2284 2813 2348 super
2864 2264 3300 2329 controversia
3356 2263 3523 2327 inter
3608 2303 3615 2310 -

632 2366 1019 2432 Riccardum
1075 2366 1378 2452 abbatem
1434 2373 1501 2432 et
1544 2367 2012 2433 Tholomacum
2071 2368 2373 2433 comitem
2437 2368 2517 2432 de
2584 2367 2945 2432 Tusculana
3012 2368 3182 2432 circa
3248 2368 3519 2431 insulam

634 2470 717 2536 de
762 2472 1044 2536 Asturia.
1094 2510 1172 2519 —
1221 2471 1542 2557 Scriptum
1588 2473 1762 2535 iussu
1806 2471 2164 2536 Innocentii
2195 2473 2263 2535 II
2310 2494 2350 2537 a
2393 2471 2664 2537 Nicolao
2712 2470 2776 2536 S.
2810 2469 2888 2535 R.
2921 2469 2995 2534 E.
3043 2471 3228 2535 scrin.

838 2598 884 2638 v.
919 2580 1159 2636 duanam
1210 2598 1299 2650 ap.
1337 2582 1532 2636 Nerini
1576 2598 1637 2651 p.
1672 2588 1776 2637 394
1822 2598 1880 2635 n.
1912 2589 1947 2637 8
1994 2581 2090 2648 (cf.
2120 2599 2181 2651 p.
2212 2585 2327 2650 190)
2371 2606 2437 2629 =
2482 2582 2604 2637 Ntc.
2646 2582 2727 2636 M.
2765 2581 2984 2636 Nicolai
3033 2582 3096 2635 in
3142 2581 3372 2636 Dissm.
3418 2581 3521 2635 del-

631 2668 865 2725 l'Accad.
904 2668 1058 2724 Rom.
1096 2668 1154 2722 di
1188 2668 1412 2724 archeol.
1450 2668 1559 2722 III
1585 2669 1762 2738 (1829)
1797 2675 1864 2723 37
1897 2685 1950 2722 n.
1975 2675 2040 2735 2,·
2075 2668 2307 2723 Monam·
2340 2686 2397 2724 n.
2425 2675 2503 2724 13.
2540 2700 2607 2708 —
2645 2668 2775 2738 1209.
2810 2669 2917 2724 JL.
2954 2700 3036 2725 —.

636 2824 676 2886 5
2916 2826 3086 2889 1165
3130 2826 3319 2909 april.
3350 2830 3436 2891 30

635 2928 712 2992 In
743 2931 1113 3013 praesentia
1146 2930 1453 2995 Iohannis
1481 2928 1693 3015 presb.
1727 2930 1900 2995 card.
1934 2931 2028 2994 tit.
2063 2952 2144 2993 ss.
2182 2930 2487 2995 Iohannis
2526 2938 2594 2996 et
2621 2931 2810 2996 Pauli
2855 2938 2923 2996 et
2967 2931 3391 2997 Alexandri
3424 2931 3528 2995 III

634 3035 853 3099 vicarii
902 3041 968 3100 et
1012 3036 1148 3100 cius
1194 3056 1507 3100 consensu
1552 3043 1619 3100 et
1662 3035 1965 3100 mandato
2011 3035 2334 3101 Iohannes
2378 3035 2579 3101 abbas
2623 3036 2795 3102 locat
2840 3037 3157 3122 Agustino
3201 3036 3412 3120 presb.
3460 3042 3529 3101 et

636 3159 950 3224 yconomo
998 3141 1091 3205 tit.
1141 3163 1189 3202 s.
1222 3139 1444 3205 Crucis
1487 3141 1550 3204 in
1582 3140 1994 3205 Hierusalem
2042 3140 2200 3204 duas
2244 3139 2507 3225 pedicas
2552 3147 2761 3206 terrae
2808 3142 3293 3206 sementariciae
3340 3148 3527 3205 extra

634 3251 890 3328 portam
939 3266 988 3307 s.
1021 3244 1346 3308 Iohannis.
1395 3281 1472 3291 —
1522 3243 1656 3308 Scr.
1705 3263 1744 3307 a
1789 3243 2061 3308 Nicolao
2108 3245 2293 3309 scrin.
2339 3243 2403 3308 S.
2436 3243 2516 3308 R.
2548 3243 2625 3309 E.

839 3371 885 3408 v.
925 3354 1166 3408 chartam
1199 3370 1286 3423 ap.
1326 3354 1525 3409 Ner-ini
1552 3373 1612 3425 p.
1641 3362 1741 3410 406
1774 3372 1830 3411 π.
1856 3363 1941 3423 15,-
1977 3355 2203 3409 Mataei
2236 3371 2292 3409 n.
2316 3361 2398 3410 20.
2436 3385 2503 3395 —
2541 3354 2664 3424 Rcy.
2703 3354 2811 3409 JL.
2850 3386 2931 3409 —.

1204 3649 1719 3717 nonasterium
1767 3664 1824 3715 s.
1856 3649 2126 3716 Uarine
2173 3648 2247 3714 in
2292 3649 2535 3717 monte
2581 3647 2954 3718 Aventino.

1642 3770 1849 3837 (Santa
1884 3769 2067 3824 Maria
2102 3769 2192 3825 del
2233 3769 2525 3838 Prior-ate.)

840 3908 1193 3964 Panciroli
1235 3913 1327 3980 ¹p.
1352 3910 1454 3964 477
1474 3927 1585 3979 sq.;
1625 3912 1721 3979 ²p.
1747 3909 1848 3964 647
1867 3927 1946 3978 sq.
1987 3940 2054 3949 —
2090 3908 2436 3966 Severano
2472 3928 2525 3981 p.
2554 3909 2750 3979 374sq.
2791 3940 2850 3951 -
2890 3909 3286 3966 Martinelli
3325 3928 3380 3981 p.
3407 3911 3525 3966 186.

635 4027 702 4036 —
739 3995 954 4051 Lubin
993 4014 1049 4066 p.
1068 3995 1189 4050 338.
1226 4027 1292 4036 —
1330 3995 1790 4051 Crescimbeni
1827 3995 2086 4050 L'istoria
2121 3996 2180 4051 di
2207 3995 2258 4051 S.
2278 3995 2460 4050 Maria
2484 3995 2542 4050 in
2568 3996 2858 4052 Cosmedin
2896 4015 2950 4067 p.
2972 3997 3169 4066 377sq.
3194 4029 3259 4037 —
3295 3996 3525 4067 Nibby

636 4083 663 4136 I
696 4083 799 4137 473
819 4099 900 4150 sq.
935 4115 1003 4123 —
1041 4082 1407 4137 Armellini
1449 4086 1541 4153 ¹p.
1568 4083 1696 4147 375;
1737 4087 1830 4152 ²p.
1855 4083 1973 4138 587.
2014 4112 2078 4123 —
2117 4082 2180 4138 A.
2206 4083 2551 4138 Bachofen
2587 4083 2646 4138 in
2684 4082 2916 4139 Studien
2964 4084 3083 4138 und
3125 4083 3526 4155 Mitteilungen

636 4187 736 4224 aus
772 4169 897 4224 dem
935 4168 1357 4224 Benedictiner·
1394 4169 1506 4224 und
1546 4169 1673 4225 dem
1710 4168 2326 4226 Cistercienser-Orden
2362 4170 2492 4223 xlx
2531 4172 2707 4239 (1898)
2742 4172 2847 4226 472
2865 4189 2947 4241 sq.

851 4327 1208 4412 Antiquum
1268 4327 1391 4391 hoc
1450 4333 1517 4391 et
1570 4327 1824 4393 celebre
1882 4329 2341 4393 monasterium
2396 4328 2855 4393 monachorum
2901 4328 3037 4394 ord.
3084 4351 3133 4393 s.
3166 4329 3525 4414 Benedicti,

638 4430 810 4515 quod
872 4437 1241 4495 recensetur
1299 4432 1466 4495 inter
1511 4430 1641 4494 XX
1697 4433 1992 4516 antiquas
2045 4432 2238 4497 Urbis
2294 4431 2615 4517 abbatias,
2684 4433 3012 4497 conditum
3074 4433 3156 4499 ab
3214 4431 3523 4498 Alberico

635 4534 935 4598 munifico
982 4534 1094 4599 illo
1144 4533 1587 4599 Romanorum
1630 4536 1939 4621 principe,
1984 4538 2199 4601 floruit
2243 4558 2410 4601 saec.
2441 4537 2505 4601 X
2538 4543 2606 4601 et
2634 4536 2733 4601 XI
2779 4537 2896 4603 sub
2942 4540 3215 4605 arctiore
3263 4538 3523 4604 Clunia-

636 4640 920 4703 censium
980 4639 1206 4725 regula
1259 4638 1368 4723 (cf.
1425 4637 1499 4703 E.
1544 4637 1793 4703 Sackur
1847 4639 1972 4704 Die
2034 4639 2490 4705 Cluniacenser
2545 4641 2578 4703 I
2628 4642 2796 4729 101).
2888 4643 3347 4708 Monasterium
3393 4642 3521 4707 dis-

635 4744 849 4826 paruit
893 4764 1061 4807 saec.
1097 4742 1243 4807 XV.
1338 4742 1461 4808 Ubi
1507 4742 1831 4827 exstabat,
1879 4751 1977 4808 est
2021 4744 2213 4809 hodie
2261 4745 2534 4810 ecclesia
2579 4768 2627 4808 s.
2653 4747 2900 4812 Mariae
2946 4749 3283 4832 prioratus,
3331 4769 3523 4833 quam

635 4869 803 4912 saec.
827 4847 997 4911 XIII
1029 4848 1264 4912 milites
1295 4848 1548 4932 Templi
1594 4848 1993 4913 incoluerunt
2024 4849 2133 4936 (cf.
2159 4850 2239 4914 A.
2266 4849 2639 4914 Gennarelli
2669 4851 2735 4913 in
2767 4850 3148 4937 Saggiatore
3171 4851 3467 4915 Romano
3491 4851 3525 4914 I

636 4951 867 5038 (1844)
914 4956 1039 5018 243
1064 4953 1208 5039 sq.),
1256 4954 1461 5038 iisque
1507 4953 1811 5039 expulsis,
1856 4955 2094 5018 milites
2140 4976 2189 5019 s.
2222 4954 2526 5018 Iohannis
2570 4953 3141 5040 Hierosolymitani
3188 4954 3269 5020 de
3301 4955 3523 5039 Malta,

635 5058 744 5141 qui
790 5057 1001 5121 adhuc
1046 5064 1284 5123 tenent.

850 5214 951 5278 De
996 5213 1253 5279 archivo
1299 5215 1476 5279 nihil.
