4065 6049
640 429 789 496 Eccl.
826 457 868 495 s.
906 426 1214 494 Salvatoris
1249 438 1319 494 de
1355 437 1517 493 Serra
1556 468 1615 478 -
1653 420 1802 492 Eccl.
1837 455 1880 492 s.
1918 420 2209 492 Eustachii
2246 434 2404 492 iuxta
2439 425 2712 507 templum
2750 422 3055 508 Agrippae.
3214 427 3294 502 97

623 615 937 680 Diaconia
981 615 1143 680 haec
1187 613 1377 678 valde
1424 615 1719 698 antiqua,
1766 614 1888 677 sita
1934 613 1996 676 in
2042 611 2318 676 Platana
2362 612 2543 677 iuxta
2588 611 2895 696 templum
2943 612 3298 696 Agrippae,

411 719 709 784 laudatur
760 720 826 782 in
872 719 1024 784 Vita
1081 719 1320 783 Leonis
1374 717 1480 782 III
1548 716 1718 803 (Lib.
1774 717 1998 802 pontif.
2057 717 2159 780 ed.
2206 716 2549 780 Duchesne
2594 716 2664 779 II
2729 717 2841 800 21)
2910 722 2977 781 et
3037 717 3103 779 in
3148 717 3301 780 Vita

412 822 709 908 Gregorii
755 822 851 887 IV
896 822 966 908 (l.
1015 845 1066 887 c.
1101 822 1172 885 II
1204 824 1334 908 75).
1424 820 1575 885 Fuit
1620 826 1992 885 consecrata
2039 841 2079 884 a
2123 819 2449 884 Celestino
2496 819 2601 883 111
2645 818 2735 903 (n.
2770 818 2857 905 5).

626 973 836 1038 Vetus
882 973 1197 1039 ecclesiae
1244 973 1574 1039 archivum
1620 974 1829 1059 periit.

410 1096 490 1158 *1
2935 1096 3188 1159 15—-31

413 1201 851 1285 Gregorius
904 1200 974 1264 ΙΙ
1040 1200 1374 1266 diaconiae
1442 1224 1489 1264 s.
1544 1201 1892 1266 Eustathii:
1956 1201 2131 1265 locat
2196 1201 2259 1264 in
2304 1206 2689 1285 perpetuum
2755 1095 3020 1265 funsi⁷um
3087 1098 3305 1265 Clivus

413 1304 701 1389 aliosque
748 1304 980 1369 fundos
1024 1326 1108 1368 ex
1153 1327 1423 1390 corpore
1469 1326 1722 1370 massae
1767 1306 2112 1371 Calcianae
2159 1312 2321 1389 patr.
2367 1306 2671 1370 Lavican.

619 1414 916 1470 Deumzedit
952 1417 1038 1471 lib.
1059 1417 1170 1472 111
1196 1434 1239 1472 c.
1259 1424 1359 1471 237
1382 1434 1448 1471 ex
1479 1418 1705 1485 reqistro
1726 1417 1973 1488 Greyorii
2004 1417 2267 1485 iunioris;
2302 1417 2540 1471 Albinus
2572 1417 2661 1471 lib.
2686 1415 2749 1470 Χ
2756 1436 2775 1484 ,·
2812 1416 3039 1471 Oeneius
3071 1432 3115 1472 c.
3138 1424 3212 1471 71.
3235 1446 3297 1455 -

412 1502 555 1558 Edd.
595 1504 932 1559 Martinuoei
957 1520 1016 1572 Ρ.
1040 1510 1156 1559 324.
1221 1505 1374 1571 Wolf
1399 1522 1443 1560 v.
1473 1505 1720 1559 Glanvell
1745 1521 1805 1572 Ρ.
1830 1510 1945 1559 370.
2023 1503 2535 1558 Ὲὰὺνε-Βιιοήεεπε
2574 1504 2615 1558 Ι
2637 1509 2753 1559 352.
2791 1533 2857 1542 —-
2895 1504 3060 1573 Reyy.
3086 1503 3140 1558 J.
3167 1511 3304 1557 1701.

411 1589 525 1645 JE.
563 1595 705 1645 2213.

413 1722 496 1786 *2
2939 1721 3192 1784 15—31

415 1826 843 1911 Gregorius
897 1826 966 1890 H
1034 1826 1367 1891 diaconiae
1435 1849 1483 1890 s.
1539 1826 1890 1891 Eustathii:
1976 1827 2150 1891 locat
2227 1827 2292 1889 in
2366 1831 2750 1912 perpetuum
2816 1720 3076 1910 fuZdos,
3147 1723 3309 1910 qdos

415 1940 781 2015 enumerat,
830 1952 913 1996 ex
960 1953 1226 2016 corpore
1271 1953 1523 1996 massae
1569 1931 1914 1996 Calcianae
1963 1938 2029 1995 et
2072 1951 2324 1995 massae
2370 1929 2729 1994 Pontianae
2773 1935 2935 2013 patr.
2982 1930 3308 2008 Lavican.,

416 2058 695 2100 massam
739 2035 1170 2100 Furanianam
1218 2041 1285 2100 et
1329 2035 1559 2099 fundos
1606 2056 1688 2099 ex
1733 2056 2002 2120 corpore
2048 2056 2301 2100 massae
2345 2034 2621 2098 Alianae
2668 2038 2832 2117 patr.
2879 2032 3189 2098 Tiburtin.

622 2145 918 2200 Deusdcdit
952 2147 1037 2200 Ζῶ.
1059 2146 1167 2200 ΙΙΙ
1193 2162 1239 2200 c.
1265 2153 1362 2200 244
1400 2162 1467 2201 ex
1497 2147 1722 2216 registro
1748 2146 1991 2214 Greyorii
2023 2146 2283 2211 ’ἱππέως
2326 2146 2563 2199 Albinus
2585 2144 2671 2200 lib.
2696 2144 2759 2198 X
2767 2164 2786 2211 ,·
2823 2144 3043 2199 Oeneius
3077 2160 3122 2199 c.
3148 2152 3218 2199 71.
3240 2174 3311 2185 -

415 2232 556 2286 Edd.
588 2233 916 2288 Martinuoei
958 2250 1013 2303 p.
1037 2239 1147 2289 325.
1218 2233 1370 2300 Wolf
1395 2250 1441 2288 v.
1470 2233 1722 2288 Glanvell
1752 2249 1812 2302 Ρ.
1837 2239 1948 2288 372.
2023 2231 2528 2288 Fabre-Dzmesne
2563 2232 2604 2285 I
2628 2237 2738 2287 353.
2777 2261 2841 2271 -
2880 2231 3042 2303 Reyy.
3080 2231 3134 2287 J.
3163 2238 3311 2289 1708.

415 2319 525 2375 JE.
562 2326 717 2375 2220.

415 2454 459 2513 3
2791 2451 2919 2513 998
2961 2470 3004 2513 α
3089 2447 3150 2515 il.
3185 2451 3227 2511 9

418 2554 491 2619 In
533 2557 901 2639 praesentia
933 2554 1300 2642 Gregorii
1341 2557 1403 2622 V
1449 2577 1642 2621 causa
1687 2556 1901 2642 agitur
1945 2557 2112 2620 inter
2155 2554 2567 2640 presbyteros
2612 2555 2766 2620 eccl.
2799 2577 2849 2619 s.
2882 2472 3199 2619 Ευέῐζῐὶιίἰ
3247 2555 3313 2616 in

418 2658 693 2724 Platana
739 2667 806 2724 et
832 2660 1183 2745 Hugonem
1222 2659 1527 2725 abbatem
1556 2661 1815 2725 Farfen.
1849 2681 2044 2745 super
2074 2660 2364 2724 ecclesiis
2408 2681 2458 2722 s.
2487 2658 2735 2723 Mariae
2781 2664 2849 2723 et
2892 2680 2940 2722 s.
2973 2657 3311 2722 Benedicti

417 2764 483 2826 in
529 2765 797 2828 thermis
840 2765 1301 2829 Alexandrinis
1347 2787 1490 2830 cum
1534 2767 1698 2830 casis
1743 2770 1810 2830 et
1854 2765 2135 2829 oratorio
2182 2762 2552 2829 Salvatoris.

798 2891 849 2928 v.
886 2872 1128 2939 Latium,
1165 2874 1348 2930 Farfa.

420 2961 464 3021 4
2248 2963 2513 3046 Anayni
2555 2962 2952 3046 (1173—76)
2997 2960 3110 3028 iul.
3145 2960 3228 3023 19

421 3064 877 3131 Alexander
921 3065 1026 3130 III
1091 3067 1288 3131 Petro
1356 3067 1749 3153 archipresb.
1798 3074 1865 3133 et
1927 3068 2175 3133 clericis
2238 3090 2287 3136 s.
2327 3068 2690 3134 Eustachii:
2761 3067 3095 3132 confirmat
3153 3065 3313 3129 ami-

425 3168 699 3233 cabilem
731 3172 1261 3255 compositionem
1293 3171 1531 3237 factam
1563 3174 1731 3237 inter
1761 3172 2027 3237 clericos
2062 3195 2111 3237 s.
2139 3171 2469 3237 Eustachii
2516 3180 2583 3237 et
2611 3172 2877 3237 clericos
2901 3194 2950 3234 s.
2982 3168 3313 3234 Laurentii

425 3273 488 3336 in
555 3270 840 3338 Damaso
913 3274 995 3338 de
1063 3296 1375 3340 consensu
1443 3284 1509 3341 et
1563 3278 1945 3341 auctoritate
2015 3275 2257 3362 P(etri)
2322 3278 2417 3341 tit.
2474 3299 2523 3340 a.
2570 3275 2904 3340 Laurentii
2971 3273 3181 3359 presb.
3251 3279 3317 3336 et

424 3376 720 3461 Hugonis
764 3400 812 3443 s.
847 3377 1177 3442 Eustachii
1205 3378 1366 3444 diac.
1401 3380 1572 3445 card.
1619 3402 1812 3466 super
1856 3382 2309 3465 controversia,
2358 3401 2524 3465 quae
2570 3379 2652 3444 de
2684 3379 3057 3445 investitura
3103 3397 3314 3441 sacer-

427 3480 676 3566 dotum,
724 3484 1056 3567 scrutinio,
1109 3483 1498 3568 baptismate
1554 3490 1621 3548 et
1666 3486 1945 3569 capitulo
1994 3491 2268 3571 quatuor
2313 3484 2751 3570 cappellamm
2797 3506 2845 3549 s.
2878 3481 3316 3564 Pantaleonis,

427 3609 477 3649 s.
508 3585 890 3671 Sebastiam,
937 3609 985 3651 s.
1018 3588 1357 3653 Benedicti
1405 3594 1470 3652 et
1514 3610 1561 3652 s.
1596 3587 1886 3654 Silvestri
1932 3588 2327 3674 aliquamdiu
2358 3594 2457 3653 est
2502 3590 2766 3672 agitata.
2813 3629 2897 3641 -
2943 3586 3106 3651 Cum
3152 3586 3318 3649 inter

427 3690 790 3755 ecclesiam.
881 3688 1033 3756 Dat.
1080 3692 1419 3778 Anagniae
1471 3697 1547 3756 14
1579 3693 1708 3757 kal.
1757 3714 1902 3779 aug.

635 3801 830 3857 Insert.
865 3802 927 3856 in
960 3802 1159 3857 bullam
1201 3802 1447 3873 Greqorii
1483 3803 1583 3857 IX
1613 3821 1666 3859 a.
1693 3810 1816 3859 1231
1849 3804 2010 3874 april.
2036 3813 2092 3860 9.·
2139 3805 2267 3874 Req.
2307 3804 2427 3860 Vat.
2452 3809 2489 3859 t.
2518 3812 2576 3860 15
2608 3804 2652 3870 Γ.
2678 3809 2749 3858 88
2780 3819 2836 3858 η.
2867 3809 2931 3857 52
2966 3802 3063 3870 [=
3090 3800 3320 3855 Moram

433 3886 559 3943 0011.
596 3892 632 3942 t.
666 3895 793 3942 1187
824 3891 869 3958 Γ.
907 3894 1006 3943 216
1040 3888 1206 3942 Paris
1240 3888 1379 3942 Bibl.
1413 3889 1575 3958 nat.].
1628 3919 1691 3930 —
1728 3889 1877 3945 Edd.
1916 3890 2068 3945 Bau,
2106 3891 2257 3946 Rom,
2296 3891 2378 3946 cd.
2415 3890 2751 3959 Cocqaaezines
2787 3888 2898 3943 ΙΙΙ
2937 3895 3037 3943 265
3069 3904 3127 3942 n.
3152 3893 3219 3940 24
3255 3909 3321 3932 =

428 3974 571 4028 Buzz.
608 3974 763 4030 Rom.
801 3972 880 4030 ed.
923 3973 1090 4028 Taur.
1129 3973 1239 4028 III
1266 3981 1367 4030 453
1402 3992 1457 4031 n.
1483 3982 1566 4030 24.
1641 3976 1782 4030 θόιι.
1820 3976 2019 4031 Ναών.
2058 3985 2195 4034 1902
2220 3995 2279 4047 Ρ.
2306 3984 2407 4033 435
2443 3994 2499 4033 οι.
2526 3985 2601 4032 16.
2643 4007 2708 4017 ——
2756 3976 2914 4046 13099.
2952 3976 3180 4044 Auvray
3214 3973 3323 4028 Les

427 4077 534 4131 req.
569 4061 633 4117 de
676 4061 922 4131 Grdqm're
957 4062 1126 4118 IXt.
1153 4062 1324 4117 1406
1357 4079 1414 4118 n.
1437 4069 1548 4118 636.
1624 4063 1876 4118 Potthast
1909 4064 2041 4134 Ray.
2068 4071 2217 4121 8702.
2254 4063 2362 4120 JZ.
2399 4095 2483 4119 -.

807 4157 890 4212 De
926 4157 1061 4213 eccl.
1098 4175 1139 4212 s.
1178 4157 1538 4214 Pantaleonis
1574 4159 1644 4215 cf.
1683 4159 1743 4214 P.
1782 4159 2027 4215 Adinolfi
2074 4160 2155 4215 La
2192 4160 2285 4215 via
2320 4177 2481 4216 sacra
2524 4176 2557 4214 o
2593 4158 2686 4214 del
2736 4173 2889 4229 papa
2923 4157 3061 4212 tra'l
3100 4154 3320 4212 cerchio

636 4228 695 4298 di
729 4243 1067 4300 Alessandro
1102 4244 1172 4300 ed
1208 4243 1250 4299 il
1288 4246 1472 4301 teatro
1510 4244 1569 4299 di
1608 4245 1852 4316 Pompeo
1890 4246 2092 4314 (Roma
2132 4246 2286 4315 1865)
2322 4247 2564 4317 p.268q.

433 4346 473 4409 5
2756 4350 2926 4414 1196
2968 4349 3119 4414 mi.
3156 4351 3239 4413 12

432 4451 880 4520 Celestinus
924 4454 1030 4519 ΙΠ
1074 4463 1407 4520 consecrat
1452 4456 1792 4522 ecclesiam
1837 4455 1899 4521 b.
1933 4455 2263 4521 Eustachii
2309 4478 2452 4521 cum
2498 4455 2700 4520 tribus
2731 4454 3059 4537 altaribus,
3107 4453 3324 4518 condit

433 4577 702 4642 corpora
756 4566 1153 4643 sanctorum,
1222 4565 1290 4625 et
1357 4561 1608 4643 statuit,
1676 4566 1747 4624 ut
1807 4567 2124 4647 quotquot
2180 4582 2220 4625 a
2273 4559 2378 4625 die
2433 4560 2929 4626 consecrationis
2981 4579 3184 4644 usque
3240 4558 3322 4623 ad

433 4668 727 4726 octavam
794 4669 1201 4747 pentecostes
1268 4663 1500 4729 devote
1569 4666 2014 4748 convenerint,
2091 4668 2129 4728 2
2178 4685 2489 4730 annorum
2555 4664 2997 4731 remissionem
3064 4684 3323 4727 suorum

432 4773 845 4850 peccatorum
889 4765 1191 4833 habeant.

649 4875 858 4930 Tabula
891 4893 1189 4933 mamona
1242 4878 1303 4932 in
1336 4880 1578 4934 mario
1623 4881 1880 4935 ecclesiae.
1954 4880 2318 4950 [Apoqrapha
2365 4884 2580 4935 exstant
2614 4879 2764 4950 apud
2801 4879 3078 4934 Geccarelli
3112 4879 3174 4931 in
3208 4877 3325 4933 cod.

442 4961 562 5019 Vnt.
597 4964 691 5017 lat.
729 4971 856 5018 4911
899 4967 944 5034 Γ.
976 4972 1039 5032 6,·
1092 4965 1156 5018 in
1197 4964 1309 5021 cod.
1346 4966 1462 5021 Vat.
1498 4967 1591 5021 lat.
1627 4974 1764 5023 8253
1806 4984 1865 5036 Ρ.
1901 4969 1943 5022 Ι
1978 4969 2022 5035 Γ.
2058 4977 2173 5035 151;
2223 4968 2285 5021 in
2329 4967 2445 5021 cod.
2483 4966 2600 5023 Vat.
2636 4966 2797 5022 Arcb.
2836 4966 2994 5021 Misc.
3025 4967 3177 5020 Arm.
3214 4965 3336 5019 VII

433 5055 472 5105 t.
497 5056 563 5106 28
596 5050 640 5117 Γ.
664 5055 758 5118 37,
791 5051 942 5119 apud
975 5052 1176 5122 Borma
1209 5052 1272 5105 in
1306 5053 1424 5108 bibl.
1462 5054 1580 5109 Vat.
1616 5071 1711 5109 me.
1749 5055 1949 5124 Bor-qia
1981 5062 2080 5110 274
2140 5054 2236 5122 (cf.
2266 5053 2407 5110 Gott.
2444 5052 2648 5109 Nachr.
2678 5060 2806 5109 1903
2834 5069 2889 5122 Ρ.
2919 5054 3041 5126 71)].
3081 5082 3146 5092 -
3183 5051 3324 5106 Edd.

435 5138 741 5194 Martinam
766 5156 825 5208 Ρ.
852 5145 967 5195 103.
1037 5140 1270 5195 Kircloer
1295 5159 1356 5210 Ρ.
1382 5147 1475 5197 158
1509 5157 1578 5196 ca:
1609 5159 1718 5211 cop.
1756 5161 1807 5197 a.
1829 5151 1972 5198 1664.
2046 5143 2246 5198 Piazza
2279 5160 2333 5212 Ρ.
2359 5148 2472 5198 853.
2553 5140 2768 5195 Gallem
2802 5140 2973 5194 Inscr.
3014 5139 3164 5193 Rom,
3195 5139 3237 5192 Ι
3260 5146 3327 5192 42

434 5244 490 5283 οι.
508 5235 587 5283 54.
635 5225 885 5280 Foroeua
909 5227 1177 5283 11385n.
1199 5235 1330 5282 1177.
1370 5228 1702 5283 Armellini²
1718 5245 1776 5297 Ρ.
1797 5235 1913 5286 433.
1963 5229 2163 5300 Topim'
2187 5246 2245 5297 Ρ.
2265 5237 2329 5283 52
2352 5244 2419 5283 eoe
2442 5245 2554 5297 cop.
2581 5245 2630 5280 a.
2652 5234 2791 5282 1664.
2829 5226 3063 5296 --.Re9
3089 5226 3204 5281 JL.
3244 5256 3325 5280 --.

540 5329 710 5384 Kohr,
738 5330 869 5373 ltalia
893 5330 1121 5385 pontificia
1147 5330 1183 5374 1.
2984 5330 3016 5383 7
