4065 6049
817 498 837 556 1
854 497 933 558 64
1388 520 1399 533 ·
2154 488 2345 544 Roma.

812 670 852 729 6
2588 664 2936 729 Ferentino
2980 666 3385 748 (1174—75)
3429 672 3547 730 oct.
3583 667 3622 726 9

811 770 872 832 A
893 769 1280 834 lexander
1325 769 1430 833 III
1487 768 1706 834 abbati
1769 775 1835 832 et
1892 768 2193 832 fratribus
2238 790 2287 830 s.
2321 766 2712 832 Sebastiani:
2776 767 3070 851 mandat,
3137 778 3455 855 quatenus
3514 792 3700 854 super

813 874 1044 939 eadem
1114 895 1305 937 causa
1367 876 1460 953 (n.
1495 875 1565 954 5)
1620 874 1976 938 sententiae
2035 871 2571 956 archipresbyteri
2617 895 2665 937 s.
2700 872 2946 937 Mariae
2994 873 3256 939 Maioris
3301 882 3368 939 et
3428 875 3482 937 I.
3530 896 3702 959 pres-

812 978 1020 1062 byteri
1083 977 1310 1043 Uberti
1378 977 1752 1042 subdiaconi
1813 985 2111 1062 pareant,
2180 1000 2307 1041 non
2366 977 2667 1042 obstante
2723 978 2897 1063 quod
2955 979 3029 1042 L.
3089 1000 3136 1041 s.
3184 978 3426 1053 Quirici
3495 978 3703 1042 eidem

814 1102 1046 1146 causae
1080 1083 1389 1146 interesse
1434 1104 1561 1146 non
1593 1084 1893 1167 potuerit.
1963 1083 2313 1167 Praecipit,
2347 1089 2662 1169 quatenus
2692 1084 2889 1166 priori
2936 1089 3002 1146 et
3032 1081 3333 1146 fratribus
3378 1106 3427 1147 s.
3461 1084 3703 1148 Mariae

809 1186 1036 1250 Novae
1069 1187 1489 1251 instrumenta
1522 1187 1841 1271 quaedam
1873 1186 2148 1252 reddant
2179 1188 2281 1251 vel
2326 1189 2390 1251 in
2432 1188 2798 1271 praesentia
2827 1186 3104 1251 iudicum
3140 1187 3381 1252 faciant
3428 1190 3704 1251 iustitiae

816 1290 1377 1374 complementum.

1193 1419 1247 1455 v.
1285 1400 1433 1455 Eccl.
1471 1419 1513 1456 s.
1540 1400 1753 1456 Mariae
1791 1402 1987 1458 Novae
2021 1421 2076 1457 n.
2107 1403 2188 1458 12.
2577 1459 2587 1470 ,

811 1493 855 1552 7
2833 1491 3098 1573 Amyni
3141 1492 3373 1575 (1175)
3421 1491 3551 1554 dcc.
3589 1495 3624 1554 1

811 1592 1174 1656 Alexand
1194 1613 1271 1655 er
1301 1591 1404 1655 III
1430 1591 1710 1656 Iordane
1745 1595 1940 1678 priori
1972 1602 2038 1659 et
2069 1596 2390 1659 canonicis
2414 1618 2461 1659 s.
2496 1595 2740 1659 Mariae
2772 1594 3030 1660 Novae:
3080 1596 3419 1659 confirmat
3448 1603 3704 1659 senten-

814 1698 970 1760 tiam
1003 1695 1434 1780 supradictam
1482 1698 1574 1777 (π.
1609 1698 1668 1760 5.
1703 1699 1772 1781 6)
1819 1705 1886 1762 et
1925 1719 2091 1783 quae
2137 1700 2199 1761 in
2230 1700 2649 1764 instrumento
2681 1698 2937 1783 publico
2970 1700 3054 1764 ab
3084 1700 3348 1763 Andrea
3379 1701 3705 1764 scriniario

814 1800 1109 1865 confecto
1157 1799 1237 1862 de
1286 1802 1698 1865 concessione
1746 1802 2062 1867 ecclesiae
2108 1825 2157 1866 s.
2191 1801 2551 1867 Sebastiani
2598 1803 2769 1867 facta
2815 1804 3235 1867 continentur.

1193 1928 1244 1965 v.
1283 1909 1429 1964 Eccl.
1468 1930 1507 1964 a.
1536 1912 1748 1967 Mariae
1784 1912 1980 1967 Novae
2015 1931 2071 1969 n.
2101 1914 2181 1968 13.

1489 2152 1810 2219 Ecclesia
1852 2152 2372 2238 Apostolorum
2420 2155 2493 2221 in
2525 2156 2659 2224 Via
2704 2155 3042 2224 Ostiensi.

1030 2292 1324 2358 Ecclesia
1380 2293 1689 2358 obscurae
1749 2296 2013 2380 originis
2073 2303 2140 2360 et
2185 2297 2477 2361 fortunae
2524 2297 2825 2362 exstabat
2868 2299 2932 2362 in
2977 2298 3153 2381 locu,
3211 2298 3321 2361 ubi
3365 2297 3606 2361 Petrus
3647 2303 3711 2360 et

817 2397 1058 2462 Paulus
1105 2398 1470 2482 apostolus,
1518 2420 1661 2462 cum
1709 2399 1792 2462 ad
1839 2400 2222 2484 supplicium
2272 2401 2682 2483 ducerentur,
2737 2401 3030 2467 ultimum
3076 2402 3220 2466 vale
3267 2403 3545 2465 invicem
3593 2400 3710 2464 sibi

816 2502 1054 2565 dixisse
1083 2500 1419 2565 traduntur
1441 2500 1550 2585 (cf.
1577 2502 1871 2587 Torrigio
1897 2502 1929 2566 I
1961 2506 2125 2567 sacri
2151 2504 2338 2568 trofei
2366 2529 2426 2590 p.
2450 2509 2531 2570 68
2548 2529 2672 2590 sq.;
2719 2505 3155 2571 Crescimbeni
3188 2506 3488 2569 L'istoria
3538 2504 3712 2568 della

819 2606 1084 2669 basilica
1131 2605 1195 2669 di
1243 2605 1306 2669 S.
1339 2604 1546 2669 Maria
1593 2607 1657 2669 in
1703 2606 2049 2671 Cosmedin
2097 2630 2160 2692 p.
2195 2612 2318 2672 395
2353 2632 2478 2694 sq.;
2525 2609 2866 2674 Armellini
2897 2611 2997 2694 ¹p.
3028 2614 3185 2686 743;
3222 2609 3328 2694 ²p.
3356 2608 3536 2693 926).

820 2746 902 2806 *1
3290 2749 3598 2811 676—78

815 2850 1078 2916 Donus
1124 2853 1442 2912 restaurat
1488 2856 1682 2933 atque
1729 2850 1988 2915 dedicat
2035 2852 2372 2917 ecclesiam
2420 2854 2880 2938 Apostolorum
2926 2855 3113 2917 sitam
3161 2750 3294 2916 via(
3312 2749 3626 2916 Ostiensi).

1024 2958 1207 3014 Laud.
1243 2961 1306 3011 in
1343 2960 1464 3014 Vita
1491 2960 1641 3013 Doni
1665 2960 1809 3026 (Lib.
1828 2963 2028 3030 pontis.
2056 2962 2135 3017 ccl.
2160 2962 2446 3016 Dtcchesne
2472 2964 2654 3031 13483
2690 2964 2985 3018 Mommsen
3001 2981 3062 3034 p.
3088 2967 3219 3032 192).
3249 2992 3309 3002 —
3338 2963 3465 3032 Ray.
3488 2962 3605 3016 JE.
3632 2990 3709 3012 -.

1319 3203 1640 3271 Ecclesia
1684 3220 1742 3271 s.
1772 3203 1983 3270 Pauli
2030 3206 2247 3271 extra
2291 3222 2540 3272 muros
2586 3206 2660 3272 in
2690 3205 2825 3274 vla
2868 3205 3204 3273 ostiensi.

1831 3325 1974 3392 (San
2012 3326 2185 3380 Paolo
2222 3326 2365 3380 fuori
2403 3327 2457 3380 le
2492 3329 2691 3394 mura.)

1027 3445 1363 3501 Panvinio
1402 3464 1454 3515 p.
1481 3447 1546 3501 67
1569 3465 1648 3514 sq.
1710 3476 1779 3485 -
1838 3445 2130 3500 Serrano
2167 3465 2222 3516 p.
2247 3447 2410 3515 323q.
2473 3477 2535 3486 -
2599 3446 2862 3518 Ugonio
2899 3448 3064 3502 f.227
3085 3465 3163 3516 sq.
3224 3477 3290 3487 —
3353 3445 3709 3502 Panciroli

824 3537 840 3567 ¹
865 3553 919 3604 p.
947 3535 1050 3589 652
1070 3552 1175 3603 sq.;
1218 3537 1316 3603 ²p.
1341 3534 1444 3587 653
1463 3552 1543 3602 sq.
1582 3564 1642 3572 —
1690 3532 2026 3587 Severano
2066 3551 2120 3603 p.
2146 3534 2247 3586 385
2266 3552 2347 3602 sq.
2394 3563 2459 3573 —
2516 3534 2659 3589 Flor.
2698 3534 3081 3588 Max-tinelli
3118 3533 3389 3589 Raccolta
3424 3533 3481 3588 di
3520 3535 3709 3603 quello

822 3625 1014 3692 spctta
1051 3622 1146 3675 all’
1185 3603 1382 3675 istoria
1417 3621 1567 3675 della
1602 3620 1841 3674 basilica
1875 3620 1934 3673 di
1971 3620 2022 3674 S.
2062 3621 2235 3675 Paolo
2272 3623 2439 3688 (teste
2476 3621 2764 3675 Mandosio
2791 3622 2967 3688 1152).
3007 3652 3070 3660 —
3108 3620 3495 3676 Martinelli
3533 3622 3709 3675 Roma

821 3726 886 3762 ex
917 3708 1144 3762 ethnica
1168 3725 1326 3762 sacra
1363 3726 1417 3777 p.
1441 3708 1544 3762 270
1557 3725 1636 3774 sq.
1666 3737 1730 3745 —
1768 3705 1824 3760 C.
1848 3706 2231 3776 Margarini
2270 3707 2575 3761 Bullarium
2603 3707 2897 3762 Casinense
2924 3708 2948 3761 Ι
2985 3706 3259 3775 (Venetiis
3288 3709 3468 3776 1650);
3508 3708 3561 3760 11
3583 3707 3708 3774 (Tn-

820 3792 965 3849 derti
1006 3795 1177 3862 1670).
1216 3824 1279 3833 —
1318 3794 1399 3860 (C.
1436 3793 1848 3862 Margarini)
1890 3793 2284 3863 Inscriptiones
2321 3795 2589 3862 antiquae
2626 3794 2895 3850 basilicae
2932 3813 2971 3849 e.
2999 3794 3163 3848 Pauli
3199 3794 3281 3853 ad,
3310 3794 3460 3849 viam
3485 3794 3706 3849 Ostien-

820 3899 934 3934 sem
970 3881 1202 3947 (Romae
1242 3881 1414 3951 1654).
1469 3911 1536 3920 -
1593 3880 1811 3934 Lubin
1849 3899 1903 3948 p.
1933 3880 2052 3935 341.
2108 3911 2172 3919 —
2229 3880 2569 3950 Ciampini
2607 3881 2688 3936 Dc
2724 3882 2896 3936 sacris
2932 3881 3099 3936 aedif.
3136 3900 3191 3952 p.
3221 3881 3320 3936 109
3341 3899 3421 3950 sq.
3469 3911 3538 3921 —
3587 3880 3707 3935 Gio.

820 3968 973 4023 Batt.
1011 3966 1396 4022 Vaccondio
1434 3966 1658 4021 Notizic
1695 3965 1961 4021 istoriche
1999 3966 2144 4020 delle
2180 3971 2410 4034 quattro
2447 3967 2721 4022 basiliche
2758 3967 2814 4021 di
2857 3968 3032 4021 Roma
3079 3986 3134 4037 p.
3164 3968 3263 4022 129
3280 3986 3362 4036 sq.
3416 3997 3484 4007 —
3538 3967 3603 4022 G.
3643 3966 3707 4021 Di

821 4055 1161 4108 Costanzo
1216 4053 1480 4108 Memorie
1525 4053 1670 4106 sulla
1722 4051 1896 4107 storia
1949 4053 2102 4106 della
2149 4053 2387 4108 basilica
2432 4072 2461 4108 e
2508 4054 2598 4109 del
2636 4058 2948 4109 monastero
2985 4054 3043 4108 di
3078 4055 3188 4109 San
3225 4054 3399 4109 Paolo
3434 4053 3493 4107 in
3530 4056 3707 4108 Roma

821 4141 967 4208 (Non
1007 4140 1162 4208 vidi).
1218 4170 1278 4180 —
1337 4140 1583 4194 Piazza
1619 4158 1675 4209 p.
1700 4140 1802 4194 346
1821 4158 1900 4207 sq.
1947 4170 2014 4178 —
2070 4139 2529 4195 Crescimbeni
2566 4141 2623 4194 L'
2660 4140 2857 4195 istoria
2894 4141 3045 4195 della
3080 4140 3318 4196 basilica
3354 4141 3411 4195 di
3449 4141 3499 4194 S.
3528 4139 3708 4194 Maria

821 4228 879 4280 in
917 4227 1210 4282 Cosmedin
1249 4245 1304 4296 p.
1327 4227 1431 4280 407
1457 4245 1538 4294 sq.
1599 4257 1665 4266 —
1725 4226 1796 4280 N.
1832 4226 1906 4281 M.
1948 4225 1996 4279 N
2009 4225 2224 4281 icolai
2278 4227 2444 4282 Della
2496 4227 2733 4282 basilica
2780 4227 2838 4281 di
2886 4228 2939 4282 S.
2978 4227 3151 4282 Paolo
3190 4227 3392 4295 (Roma
3431 4228 3605 4295 1815).
3643 4257 3706 4267 —

823 4317 966 4384 Ang.
1004 4315 1193 4385 Ugge
1209 4314 1267 4368 ri
1303 4313 1469 4368 Della
1506 4312 1745 4367 basilica
1792 4313 1850 4366 di
1900 4313 1954 4367 S.
1993 4314 2165 4367 Paolo
2216 4314 2362 4368 sulla
2414 4313 2506 4368 via
2555 4314 2807 4369 Ostiense
2845 4314 3045 4379 (Roma
3082 4315 3254 4382 1829).
3304 4344 3372 4354 —
3419 4313 3647 4383 Nibby
3682 4315 3705 4367 1

820 4403 922 4455 577
946 4419 1026 4469 sq.
1054 4432 1111 4441 -
1144 4401 1454 4455 Forcella
1478 4400 1585 4453 XII
1616 4401 1745 4468 lsq.
1783 4430 1846 4438 —
1883 4400 2247 4464 Armcllini
2292 4404 2306 4433 ¹
2328 4419 2383 4471 p.
2409 4403 2534 4465 7443
2574 4404 2668 4471 ²p.
2693 4402 2796 4456 928
2815 4419 2893 4470 sq.
2933 4432 3001 4441 —
3037 4400 3384 4456 Marucchi
3420 4419 3477 4471 p.
3506 4401 3605 4455 135
3626 4419 3702 4469 sq.

1037 4523 1354 4588 Basilicas
1400 4522 1463 4587 b.
1497 4523 1682 4586 Pauli
1731 4523 2028 4607 apostoli,
2077 4522 2184 4586 ubi
2231 4544 2460 4609 corpus
2498 4526 2667 4607 eius,
2727 4525 3024 4589 conditae
3069 4546 3109 4589 a
3154 4523 3573 4588 Constantino
3618 4523 3702 4586 M.

825 4635 891 4692 et
921 4629 1473 4712 magnificentiore
1508 4648 1724 4711 opere,
1758 4626 2016 4691 iubente
2050 4628 2503 4692 Valentiniano
2526 4629 2603 4696 II
2644 4631 2795 4713 imp.
2830 4635 2895 4692 et
2926 4629 3150 4693 Siricio
3181 4649 3240 4693 a.
3276 4633 3400 4693 390
3447 4649 3591 4694 nov.
3634 4629 3703 4690 18

823 4737 1258 4815 consecrante,
1305 4731 1608 4814 refectae,
1656 4730 2069 4815 patriarchali
2117 4731 2430 4815 dignitate
2473 4739 2722 4816 auctae,
2769 4734 2832 4795 in
2878 4733 3024 4796 vitis
3064 4732 3434 4816 pontificum
3465 4732 3703 4796 Roma·

824 4858 1050 4899 norum
1110 4840 1206 4899 tot
1263 4837 1621 4899 mentiones
1675 4836 2062 4915 invenimuS‚
2131 4842 2201 4899 ut
2256 4838 2623 4921 pontificum
2688 4839 2948 4900 nomina
3003 4844 3329 4921 repetere,
3398 4838 3507 4921 qui
3563 4856 3702 4900 eam

825 4939 1138 5024 ditarunt,
1184 4939 1446 5022 longum
1493 4939 1784 5023 profecto
1832 4941 1932 5003 sit.
2008 4939 2296 5003 Primum
2345 4963 2383 5004 a
2428 4941 2678 5005 clericis
2723 4940 2840 5004 sub
2871 4942 3256 5024 praepositis
3301 4940 3701 5005 administra·

825 5050 955 5107 tam
1005 5043 1218 5125 fuisse,
1262 5043 1559 5127 Gregorii
1591 5045 1623 5106 I
1670 5044 1956 5127 diploma
1988 5043 2077 5128 (n.
2114 5043 2181 5130 3)
2214 5044 2627 5109 demonstrat.
2720 5044 2902 5109 Sacc.
2936 5045 3104 5109 VIII
3163 5047 3449 5128 ineunte,
3507 5051 3578 5109 ut
3642 5046 3702 5107 in

825 5146 967 5210 aliis
1030 5148 1222 5212 Urbis
1291 5147 1599 5232 basiliciS‚
1673 5147 1971 5211 monachi
2041 5169 2125 5211 ex
2182 5151 2585 5213 monasteriis
2630 5172 2831 5234 prope
2879 5149 3218 5213 ecclesiam
3277 5150 3581 5212 institutis
3622 5146 3700 5211 ad

827 5251 1040 5316 officia
1087 5252 1301 5315 divina
1348 5251 1738 5316 celebranda
1783 5251 2055 5314 adhibiti
2102 5260 2263 5316 sunt.
2355 5254 2597 5318 Verum
2645 5254 2908 5339 Agapiti
2956 5252 3024 5315 II
3071 5253 3494 5338 temporibuS,
3541 5253 3700 5316 anti-
