4065 6049
848 515 997 573 Eccl.
1033 535 1075 571 s.
1113 512 1422 570 Salvatoris
1457 514 1525 570 de
1563 513 1732 570 Curte
1767 544 1832 555 -
1869 511 2018 568 Eccl.
2056 529 2099 569 s.
2134 509 2348 568 Mariae
2383 510 2805 579 Transtiberim.
3149 515 3266 578 127

1174 810 1499 878 Ecclesia
1541 826 1600 876 s.
1651 806 2054 878 salvatoris
2099 806 2185 875 (16
2232 805 2472 875 Gurte.

1158 932 1298 1002 (San
1336 931 1627 986 Salvatore
1665 930 1818 985 della
1855 928 2019 986 Corte
2057 946 2090 984 o
2128 928 2279 984 della
2314 928 2500 998 Luce.)

588 1070 939 1127 Panciroli
982 1074 997 1105 ¹
1026 1088 1082 1140 p.
1108 1071 1235 1134 744;
1274 1072 1296 1103 ²
1324 1088 1376 1139 p.
1403 1068 1524 1124 603.
1567 1097 1624 1107 -
1666 1066 2054 1123 Martinelli
2091 1085 2147 1137 p.
2172 1066 2291 1122 298.
2337 1098 2403 1106 —
2452 1066 2608 1122 Dom.
2633 1066 2860 1122 Maoro
2898 1066 3273 1122 Descrittione

379 1159 529 1215 della
569 1177 688 1213 ven.
727 1158 918 1215 chiesa.
953 1156 1312 1229 parocchiale
1348 1156 1440 1211 del
1477 1153 1566 1210 SS.
1593 1154 1885 1210 Salvatore
1921 1153 2073 1209 della
2099 1153 2264 1209 Corte
2303 1152 2360 1208 di
2395 1153 2573 1208 Roma
2608 1154 2693 1223 (In
2719 1151 2959 1209 Velletri
3000 1155 3168 1222 1677).
3208 1185 3273 1193 —

381 1245 613 1315 Nibby
651 1246 832 1300 1694.
868 1275 935 1284 -
972 1243 1337 1300 Armellini
1379 1247 1394 1278 ¹
1423 1260 1476 1313 p.
1503 1242 1630 1306 600;
1670 1244 1692 1275 ²
1717 1260 1772 1312 p.
1795 1242 1999 1312 67866.

595 1403 785 1468 Hanc
853 1401 1194 1467 ecclesiam
1260 1402 1326 1465 in
1382 1400 1578 1464 fundo
1647 1399 1817 1465 tituli
1876 1421 1926 1463 s.
1972 1397 2375 1484 Chrysogoni
2428 1397 2545 1463 sub
2608 1419 2804 1464 censu
2857 1420 3067 1464 annuo
3122 1421 3275 1465 eon-

382 1509 670 1572 stitutam
720 1526 883 1590 esse,
931 1526 1015 1570 ex
1060 1503 1365 1569 Iohannis
1388 1503 1518 1568 XV
1562 1503 1921 1589 privilegio,
1969 1501 2143 1587 quod
2188 1503 2457 1586 periisse
2505 1502 2816 1588 dolemus,
2863 1503 3155 1569 Calixtus
3186 1505 3275 1589 ΙΙ,

382 1611 794 1676 Innocentius
839 1609 908 1674 II
953 1615 1020 1674 et
1064 1608 1474 1674 Innocentius
1518 1608 1624 1671 III
1671 1607 1923 1673 docent.

598 1783 1032 1861 Documenta,
1103 1803 1270 1867 quae
1340 1781 1503 1846 hanc
1571 1780 1912 1847 ecclesiam
1978 1780 2353 1864 respiciunt,
2421 1781 2550 1844 iam
2617 1781 2852 1866 collegi
2918 1782 3035 1847 sub
3101 1783 3276 1849 Eccl.

385 1911 433 1953 s.
471 1887 901 1973 Chrysogoni,
961 1885 1072 1951 ubi
1126 1885 1371 1951 Urbani
1416 1885 1486 1949 Π
1531 1883 1619 1969 (11.
1653 1886 1756 1970 4),
1811 1884 2051 1950 Calixti
2096 1884 2165 1947 H
2209 1882 2298 1968 (n.
2332 1882 2401 1969 5)
2447 1891 2514 1948 et
2558 1884 2914 1950 Innocentii
2959 1886 3026 1951 ΙΙ
3073 1886 3160 1972 (11.
3210 1888 3277 1972 7)

391 1994 742 2058 sententias
808 1991 890 2057 de
945 1991 1341 2056 subiectione
1401 1990 1776 2055 elericorum
1837 2011 1887 2053 s.
1937 1987 2290 2053 Salvatoris
2345 1987 2427 2053 de
2478 1987 2675 2054 Curte
2732 1991 3050 2075 invenies,
3119 2012 3279 2077 quas

390 2097 852 2161 confirmarunt
895 2096 1130 2160 Lucius
1162 2094 1232 2158 Π
1277 2092 1365 2178 (11.
1399 2092 1487 2179 8),
1531 2092 1902 2158 Hadrianus
1933 2092 2028 2156 IV
2062 2091 2150 2177 (n.
2184 2091 2446 2176 9—11),
2491 2091 2869 2158 Alexander
2898 2093 3004 2158 III
3051 2094 3139 2180 (n.
3171 2095 3279 2180 12)

389 2208 456 2266 et
500 2202 736 2265 Lucius
766 2200 870 2263 ΠΙ
916 2198 1006 2284 (11.
1045 2203 1171 2285 13).
1261 2197 1392 2263 Sed
1424 2198 1638 2262 cleriei
1668 2220 1718 2262 s.
1751 2197 2105 2262 Salvatoris
2134 2195 2308 2260 aliud
2338 2196 2696 2261 Alexandri
2726 2197 2831 2261 III
2875 2199 3281 2284 privilegium

390 2304 584 2388 (infra
629 2327 690 2369 n.
732 2302 793 2390 1)
840 2303 1270 2389 protulerunt,
1329 2300 1501 2388 quod
1564 2303 1702 2386 ipse
1761 2301 1993 2366 falsum
2041 2322 2181 2365 esse
2228 2299 2549 2365 iudicavit.
2640 2301 2871 2388 Neque
2915 2301 3038 2368 hoc
3084 2303 3279 2369 liber-

392 2410 541 2472 tatis
583 2408 992 2493 privilegium
1038 2428 1248 2491 neque
1295 2406 1425 2470 alia
1468 2405 1840 2490 privilegia,
1908 2425 2075 2491 quae
2131 2404 2345 2469 cleriei
2389 2404 2577 2469 huius
2622 2406 2935 2472 ecclesiae
2980 2430 3098 2493 pro
3145 2411 3281 2474 eius

391 2511 687 2578 libertate
732 2510 1268 2597 praetendebant,
1315 2510 1400 2575 ad
1444 2516 1664 2575 nostra
1707 2531 1911 2594 usque
1958 2516 2255 2593 tempora
2299 2517 2747 2593 pervenerunt.

435 2685 471 2724 *
2996 2722 3078 2732 .-

390 2689 857 2855 :allexander
899 2788 1003 2852 III
1069 2787 1472 2873 privilegium
1520 2787 1838 2853 libertatis
1884 2785 2208 2871 concedit,
2264 2787 2437 2872 quod
2491 2788 2767 2853 ecclesia
2793 2683 2995 2853 (11161111)
3012 2687 3284 2855 6111111161

389 2894 725 2959 Romanae
775 2892 1090 2958 eeclesiae
1135 2892 1483 2958 subiaceat.

606 3004 793 3062 Laud.
826 3005 890 3058 in
927 3003 1234 3059 Innocentii
1272 3002 1383 3057 ΙΠ
1407 3002 1556 3058 bulla
1590 3020 1640 3057 a.
1681 3009 1807 3058 1199
1841 3001 1936 3056 iul.
1965 3006 2030 3057 23
2067 3000 2315 3057 Potthast
2353 3001 2484 3072 Rey.
2509 3006 2625 3059 803.
2663 3034 2729 3044 —
2766 3002 2896 3076 Req.
2922 3003 3035 3060 JL.
3076 3037 3157 3062 -.

769 3101 977 3156 Eodem
1014 3101 1136 3155 loco
1172 3097 1437 3170 legimus,
1486 3098 1671 3168 ipsum
1707 3097 2088 3153 Alexandrum
2124 3097 2204 3151 111
2242 3098 2648 3169 pronuntiasse,
2684 3099 2790 3155 hoc
2827 3099 3190 3172 privilegium
3226 3105 3285 3157 et

598 3186 714 3242 6116
763 3185 1028 3242 similiter
1064 3185 1390 3257 privilegia,
1437 3203 1583 3255 quae
1629 3202 1731 3255 pro
1777 3184 2043 3240 libertate
2086 3201 2218 3241 suae
2256 3185 2527 3240 ecelesiae
2565 3185 2757 3242 clerici
2792 3205 2832 3240 s.
2868 3186 3178 3244 Salvatoris
3216 3190 3284 3245 de

597 3273 767 3329 Curte
817 3273 1287 3344 praetendebant,
1336 3272 1589 3327 falsitate
1639 3289 1757 3327 esse
1804 3271 2123 3339 confutata,
2177 3275 2326 3337 „tum
2376 3271 2511 3342 quia
2558 3290 2747 3329 recens
2796 3272 3055 3328 iunctura
3097 3278 3157 3330 et
3204 3276 3285 3330 in·

600 3361 877 3415 collatura
927 3358 1244 3414 evidentius
1287 3358 1603 3428 apparebat
1651 3362 1711 3413 et
1759 3358 1940 3413 multa
1988 3357 2047 3411 in
2098 3374 2157 3412 se
2205 3357 2498 3413 mendacia
2542 3359 2933 3427 continebant,
2982 3365 3102 3415 tum
3151 3362 3286 3430 quia

598 3446 773 3501 nullis
808 3445 938 3501 aliis
976 3445 1323 3516 temporibus
1360 3444 1482 3500 visa
1516 3446 1646 3499 sunt
1682 3444 1771 3500 vel
1809 3443 2116 3500 exhibita“.

938 3722 1261 3791 Ecclesia
1306 3738 1364 3788 s.
1396 3721 1663 3789 uariae
1708 3716 2241 3788 'transtiberim
2286 3719 2406 3788 tit.
2452 3719 2743 3792 Galixti.

1375 3842 1581 3913 (Santa
1614 3841 1798 3899 Maria
1832 3841 1890 3896 in
1927 3842 2297 3913 Trastevere.)

603 3961 937 4018 Panvinio
975 3981 1029 4033 p.
1055 3962 1223 4033 63sq.
1258 3995 1326 4004 —
1361 3962 1628 4034 Ugonio
1663 3962 1702 4018 f.
1731 3963 1847 4018 135’
1866 3979 1947 4032 66.
1972 3993 2042 4004 —
2065 3961 2416 4018 Panciroli
2447 3966 2463 3997 ²
2490 3981 2546 4033 p.
2566 3964 2685 4021 253.
2710 3964 2938 4035 58666.;
2966 3969 2988 4000 ²
3014 3984 3067 4036 p.
3088 3967 3286 4038 58266.

398 4080 464 4089 —-
501 4048 840 4106 Severano
877 4067 932 4119 p.
958 4049 1161 4119 30166.
1198 4079 1262 4090 -
1300 4048 1686 4106 Martinelli
1724 4067 1778 4119 p.
1804 4049 1923 4105 246.
1949 4080 2016 4090 —-
2053 4048 2288 4104 Alveri
2326 4049 2377 4102 11
2403 4048 2503 4105 331
2523 4067 2605 4119 sq.
2640 4082 2707 4092 —-
2746 4049 2959 4106 Lubin
2994 4071 3050 4123 p.
3075 4053 3193 4109 339.
3219 4084 3287 4095 —

400 4136 650 4190 Piazza
685 4155 742 4207 p.
767 4137 871 4191 364
888 4153 971 4205 66.
1008 4140 1067 4193 et
1103 4154 1159 4206 p.
1184 4135 1285 4191 561
1305 4153 1474 4205 sq.—
1499 4135 1704 4190 Bened.
1740 4135 2060 4191 Millinus
2097 4134 2179 4190 De
2215 4134 2431 4207 origine
2467 4136 2738 4193 basilicae
2774 4156 2816 4193 6.
2840 4137 3053 4194 Mariae
3090 4139 3288 4196 Trans-

399 4222 654 4289 tiberim,
708 4241 749 4278 6.
783 4222 971 4289 XVII,
1023 4222 1201 4279 Roma
1253 4223 1420 4279 Arch.
1459 4222 1517 4278 di
1563 4222 1614 4278 S.
1651 4221 1834 4278 Maria
1867 4221 1926 4277 in
1963 4222 2295 4279 Trastevere
2339 4224 2506 4290 (teste
2552 4223 2783 4281 Moretti
2832 4225 2913 4280 De
2965 4244 3008 4283 s.
3050 4226 3287 4284 Callisto

400 4327 456 4379 p.
481 4309 654 4379 xm).
709 4342 776 4351 —
829 4310 1198 4379 Hieronymus
1251 4309 1339 4366 De
1385 4308 1589 4365 Avila
1635 4309 2007 4365 Summarium
2049 4312 2234 4365 status
2279 4309 2414 4365 6661.
2460 4328 2506 4365 6.
2540 4309 2754 4367 Mariae
2800 4314 2956 4368 trans
3002 4314 3286 4384 Tyberim,

400 4414 442 4450 s.
468 4394 644 4461 xvn,
680 4394 757 4452 ib.
794 4427 861 4438 —-
887 4396 931 4451 1.
955 4394 1320 4452 Lancisius
1365 4395 1588 4453 Notizie
1623 4395 1776 4452 della
1798 4395 2037 4452 basilica
2061 4394 2120 4451 di
2143 4395 2196 4450 S.
2221 4395 2405 4452 Maria
2436 4394 2493 4450 in
2528 4396 2856 4453 Trastevere
2889 4397 3088 4468 (Roma
3114 4401 3286 4467 1728).

402 4513 467 4521 -
505 4482 565 4538 Ρ.
591 4482 881 4539 Mor-etti
927 4482 1093 4538 Ritus
1145 4481 1315 4538 dandi
1365 4481 1775 4553 presbyterium
1819 4499 2030 4553 papae,
2077 4481 2459 4538 cardinalibus
2512 4487 2572 4540 et
2623 4483 2844 4541 clericis
2895 4485 3286 4541 nonnullarum

403 4567 765 4624 ecclesiarum
799 4568 967 4624 Urbis
1001 4570 1149 4639 App.
1187 4568 1268 4622 111
1309 4568 1541 4637 (Romae
1580 4569 1748 4636 1741).
1775 4600 1845 4611 —
1882 4568 1943 4625 P.
1965 4567 2255 4624 Moretti
2291 4568 2373 4624 De
2406 4587 2451 4624 6.
2477 4569 2710 4626 Callisto
2744 4570 2853 4626 PP.
2879 4573 2939 4626 et
2959 4570 3034 4626 M.
3059 4570 3289 4640 eiusque

402 4655 640 4732 basilica
674 4675 716 4711 6.
745 4656 958 4713 Mariae
985 4660 1139 4712 trans
1163 4656 1428 4727 Tyberim
1464 4660 1793 4728 nuncupata
1823 4655 2247 4727 disquisitiones
2283 4658 2426 4713 duae
2452 4655 2974 4713 critico-historicae
2998 4657 3025 4710 1
3058 4657 3290 4727 (Romae

405 4742 578 4809 1752).
615 4774 680 4784 —
719 4743 778 4796 Ρ.
815 4742 1106 4798 Moretti
1149 4742 1376 4800 Notitia
1422 4743 1795 4800 cardinalium
1842 4743 2160 4800 titularium
2204 4743 2442 4815 insignis
2490 4742 2761 4800 basilicae
2806 4762 2847 4798 s.
2874 4743 3088 4800 Mariae
3134 4749 3289 4800 trans

404 4826 669 4897 Tyberim
697 4827 930 4895 (Romae
962 4829 1134 4899 1752).
1158 4859 1227 4870 —
1251 4830 1482 4899 Nibby
1508 4831 1530 4884 Ι
1560 4831 1673 4886 140.
1693 4830 1800 4886 488
1822 4848 1905 4900 sq.
1930 4861 1994 4870 —
2020 4829 2337 4887 For-cella
2373 4830 2427 4883 11
2461 4830 2564 4885 335
2588 4847 2670 4898 66.
2696 4861 2763 4871 -
2799 4828 2860 4884 P.
2885 4828 2950 4884 G.
2978 4829 3290 4885 Rinaldo²

405 4913 616 4968 Bucci
654 4914 827 4970 Cenni
864 4914 1055 4971 storici
1094 4933 1125 4971 6
1160 4915 1499 4972 descrizione
1535 4916 1686 4973 della
1719 4920 2045 4973 sacrosanta
2079 4916 2317 4973 basilica
2351 4916 2746 4973 Trasteverina
2780 4916 2980 4987 (Roma
3017 4917 3189 4987 1889).
3224 4949 3290 4958 -

405 4999 781 5056 Armellini
824 5006 839 5036 ¹
869 5002 1172 5074 p.414sq.;
1213 5003 1235 5034 ²
1260 5020 1313 5073 p.
1349 5002 1451 5057 637
1475 5020 1556 5071 66.
1595 5033 1662 5043 -
1697 5001 2049 5059 Μαι-1166111
2085 5020 2141 5073 p.
2163 5002 2366 5071 42866.

618 5158 911 5224 Calixtus
963 5159 997 5222 I
1063 5157 1396 5223 basilicam
1457 5157 1920 5224 Transtiberim
1987 5160 2273 5226 erexisse
2349 5158 2621 5225 traditur
2684 5157 2854 5244 (Lib.
2910 5159 3137 5244 pontif.
3185 5159 3288 5226 ed.

404 5262 747 5329 Duchesne
794 5264 827 5329 1
872 5267 975 5329 62.
1023 5267 1128 5329 63.
1195 5267 1342 5340 141;
1409 5264 1771 5330 Mommsen
1824 5286 1887 5349 p.
1930 5267 2032 5328 21.
2100 5264 2283 5351 236),
2351 5267 2522 5333 unde
2578 5285 2813 5332 nomen
2872 5265 2967 5329 tit.
3029 5263 3287 5332 Calixti.
