4065 6049
1609 349 1821 405 Civitas
1860 350 2120 405 Leonina.
3185 359 3205 418 1
3225 356 3303 419 83

468 533 504 591 1
3020 530 3188 588 1196

419 534 868 699 gelestinus
914 631 1016 694 ΙΙΙ
1078 631 1274 695 nobili
1329 632 1464 693 viro
1520 629 1790 694 Iohanni
1849 630 2029 694 Petri
2088 630 2326 694 Leonis
2381 631 2592 695 almae
2640 629 2832 695 Urbis
2887 530 3305 695 ill.(senagori

422 745 488 802 et
531 739 824 801 universo
870 736 1109 820 populo
1155 735 1478 800 Romano:
1537 733 1872 798 confirmat
1915 755 2138 798 omnes
2182 733 2613 819 indulgentias
2658 735 2972 799 ecclesiae
3018 757 3067 798 s.
3104 733 3302 798 Adal-

423 842 586 907 berti
632 862 986 907 concessas.

803 970 852 1008 v.
882 951 1024 1007 Eccl.
1064 969 1131 1005 sS.
1159 950 1451 1006 Adalberti
1490 953 1548 1006 et
1587 949 1814 1005 Paulini
1849 948 1967 1007 sive
2003 969 2047 1005 S.
2074 950 2487 1008 Bartholomaei
2532 949 2591 1005 in
2633 949 2819 1005 insula
2855 948 3138 1020 Lycaonia
3171 968 3224 1003 n.
3251 950 3301 1004 3.

423 1112 863 1281 giiestinus
909 1214 1013 1278 ΙΙΙ
1059 1214 1343 1279 Heurico
1402 1215 1584 1298 imp.:
1654 1211 1976 1297 deposcit,
2048 1220 2363 1299 quatenus
2426 1212 2666 1297 populo
2720 1108 3301 1276 Romang1gssm

422 1323 688 1406 patienti
736 1322 1051 1406 largitatis
1098 1341 1250 1383 suae
1298 1318 1592 1384 dextram
1638 1320 1906 1402 aperiat.
1955 1358 2038 1366 —
2085 1318 2360 1383 Celestis
2404 1315 2696 1380 altitudo,

629 1432 877 1486 Martem
927 1433 990 1485 in
1031 1430 1143 1485 cod.
1187 1431 1277 1484 lat.
1316 1437 1482 1484 16992
1527 1431 1571 1495 f.
1608 1436 1712 1484 249
1753 1430 1916 1483 Paris
1953 1429 2095 1483 Bibl.
2132 1435 2246 1483 nat.
2309 1461 2375 1469 —
2429 1426 2535 1482 Ed.
2571 1426 2911 1492 Loewcnseld
2946 1426 3089 1495 Epp.
3121 1444 3178 1494 p.
3209 1431 3305 1479 263

423 1536 475 1573 n.
503 1526 614 1572 421.
654 1551 716 1559 —
757 1518 878 1588 Rey.
917 1518 1033 1572 JL.
1072 1522 1108 1584 †
1144 1524 1313 1572 17472.

798 1613 1134 1682 Spurium,
1172 1611 1231 1666 in
1267 1612 1461 1667 schola
1498 1610 1884 1681 compositum.

1540 1936 1803 2004 Civitas
1850 1936 2184 2004 Leonina.

635 2098 976 2162 Civitatem
1001 2095 1199 2178 illam,
1234 2116 1427 2179 quam
1450 2096 1587 2160 Leo
1608 2093 1712 2157 III
1747 2116 1943 2179 „erga
1966 2095 2306 2160 ecclesiam
2336 2095 2395 2158 b.
2421 2095 2602 2160 Petri
2627 2095 2968 2161 aedificare
3001 2105 3306 2180 coeperat

420 2210 486 2267 et
530 2202 746 2266 multis
792 2202 919 2264 iam
965 2201 1028 2263 in
1069 2199 1225 2262 locis
1258 2198 1677 2263 fundamenta
1706 2199 2074 2283 posuerat“,
2120 2200 2257 2265 Leo
2292 2199 2388 2264 IV
2433 2200 2673 2263 auxilio
2704 2200 2994 2265 Lotharii
3025 2202 3303 2285 impera-

421 2308 576 2369 toris
620 2305 911 2390 perfecit,
955 2310 1027 2368 ut
1056 2302 1321 2367 basilica
1351 2302 1413 2366 b.
1446 2302 1626 2367 Petri
1672 2309 1739 2367 et
1768 2303 2167 2368 habitatores
2198 2305 2455 2381 circum,
2503 2305 2611 2388 qui
2655 2303 2983 2368 Porticani
3012 2304 3303 2388 appella-

418 2409 668 2491 bantur,
715 2410 919 2474 securi
975 2414 1189 2473 essent
1242 2429 1281 2471 a
1326 2406 1823 2471 Sarracenorum
1868 2409 2114 2492 impetu
2161 2413 2228 2472 et
2281 2407 2805 2492 depraedatione.
2906 2409 3024 2474 Oui
3072 2430 3306 2473 nomen

418 2516 691 2578 civitatis
735 2514 1062 2578 Leoninae
1095 2513 1416 2595 imposuit.
1488 2512 1667 2595 Opus
1709 2534 1767 2576 a.
1802 2516 1925 2577 848
1972 2511 2405 2596 (praesulatus
2448 2534 2506 2576 a.
2542 2512 2611 2597 2)
2654 2513 2925 2597 sumpsit
2968 2511 3304 2577 exordium

419 2625 486 2682 et
529 2617 888 2682 absolutum
937 2617 1143 2680 suita.
1180 2619 1302 2680 852
1337 2615 1768 2700 (praesulatus
1813 2638 1870 2679 a.
1905 2616 1993 2700 6).
2070 2616 2171 2681 De
2217 2637 2287 2680 re
2333 2617 2414 2680 cf.
2446 2616 2666 2680 Vitam
2711 2617 2949 2681 Leonis
2992 2616 3089 2683 IV
3134 2615 3303 2700 (Lib.

420 2723 643 2807 pontif.
702 2723 803 2787 ed.
845 2721 1188 2786 Duchesne
1235 2720 1303 2783 11
1366 2724 1481 2783 123
1510 2718 1668 2805 sq.);
1724 2720 1798 2784 P.
1840 2719 2123 2784 Adinolfi
2168 2722 2267 2785 La
2322 2722 2572 2804 portica
2635 2720 2699 2783 di
2759 2719 2823 2785 S.
2868 2721 3089 2786 Pietro
3136 2721 3306 2784 ossia

419 2826 620 2911 borgo
675 2826 779 2890 nel
826 2826 933 2890 eta
978 2824 1043 2888 di
1088 2845 1303 2888 mezzo
1352 2823 1591 2908 (Roma
1629 2824 1848 2909 1859);
1914 2824 2287 2910 Quarenghi
2341 2826 2437 2890 Le
2483 2846 2666 2889 mura
2712 2824 2776 2888 di
2805 2826 3017 2889 Roma
3062 2823 3301 2909 (Roma

427 2934 644 3015 1880);
692 2930 1126 3013 Gregorovius
1176 2928 1202 2967 ⁴
1233 2927 1337 2990 III
1384 2932 1462 2992 94
1489 2950 1617 3013 sq.;
1666 2927 1786 2992 Ph.
1819 2930 2035 2993 Lauer
2078 2930 2145 2993 in
2188 2928 2525 3015 Melanges
2569 2929 2734 2995 XIX
2781 2932 2903 2994 307
2931 2952 3026 3014 sq.

632 3106 905 3171 Unicum
962 3103 1043 3168 de
1103 3125 1173 3168 re
1228 3102 1714 3182 documentum,
1773 3102 2012 3168 calixti
2057 3103 2126 3166 II
2181 3103 2586 3188 privilegium
2646 3102 2736 3188 (n.
2770 3101 2859 3189 4),
2928 3101 3305 3166 adservatur

415 3213 581 3275 inter
626 3210 880 3274 chartas
925 3207 1239 3272 ecclesiae
1286 3230 1334 3271 s.
1379 3207 1624 3271 Mariae
1671 3207 2133 3273 Transtiberim
2178 3209 2243 3271 in
2289 3209 2738 3273 canonicorum
2785 3207 3120 3272 tabulari0.

622 3401 670 3451 A
729 3374 793 3444 ὲ
830 3397 979 3467 Orig.
1019 3396 1196 3450 Roma
1232 3395 1399 3450 Arch.
1436 3394 1746 3464 capitolare
1782 3395 1842 3450 di
1879 3396 1931 3451 S.
1958 3395 2139 3451 Maria
2174 3395 2231 3450 in
2268 3398 2613 3452 Trastevere.

624 3485 678 3624 ἒ
730 3594 793 3616 ---
825 3484 1072 3624 {cibardi-
1094 3566 1586 3623 instrumentorum
1625 3566 1864 3637 capituli
1902 3587 1945 3622 s.
1972 3567 2183 3624 Mariae
2220 3568 2660 3639 Transtyberim,
2698 3591 2738 3625 ε.
2766 3570 2913 3635 XVI,
2951 3570 3028 3624 ib.

415 3694 494 3755 *1
2560 3722 2571 3732 ·
3027 3695 3215 3774 (848)

414 3798 568 3862 Leo
616 3797 711 3862 IV
776 3797 1083 3861 Lothario
1154 3803 1453 3882 augusto:
1518 3797 1792 3879 indicat,
1862 3803 2177 3882 quatenus
2243 3818 2360 3881 per
2425 3797 2596 3860 illius
2651 3796 3037 3860 adiutorium
3107 3803 3301 3881 atque

417 3903 749 3967 consilium
782 3903 1105 3965 civitatem
1137 3901 1335 3983 illam,
1383 3923 1573 3986 quam
1615 3899 2077 3985 praedecessor
2122 3922 2270 3964 suus
2299 3901 2437 3966 Leo
2469 3922 2576 3985 pp.
2610 3899 2713 3964 III
2759 3922 2916 3985 erga
2960 3900 3299 3965 ecclesiam

415 4007 474 4071 b.
507 4007 686 4071 Petri
741 4004 1082 4071 aedificare
1130 4011 1462 4090 coeperat,
1519 4004 1950 4070 desideratum
2006 4025 2167 4089 opus
2211 4003 2294 4068 ad
2341 4004 2641 4069 effectum
2683 4004 2879 4070 vellet
2924 4004 3299 4089 perducere.

623 4115 804 4171 Laud.
831 4117 892 4169 in
919 4115 1043 4172 Vita
1065 4116 1265 4171 Leonis
1294 4117 1386 4170 ιν
1413 4115 1553 4184 (Lib.
1571 4115 1773 4186 ponus.
1799 4114 1878 4170 αι.
1904 4115 2190 4169 Mem
2214 4114 2290 4168 H
2305 4119 2436 4183 123).
2463 4145 2529 4155 -
2557 4115 2713 4185 3099.
2738 4115 2793 4170 J.
2822 4122 2966 4170 1970.
3004 4114 3112 4170 JE.
3143 4120 3298 4170 2598.

794 4211 863 4266 cf.
893 4210 1149 4266 Lotharii
1182 4211 1463 4268 decretum
1501 4230 1550 4266 a.
1576 4212 1679 4266 846
1706 4211 1799 4278 (N.
1824 4209 2035 4265 Archiv
2063 4210 2166 4263 Xll
2191 4210 2369 4276 (1887)
2388 4210 2492 4264 534
2516 4233 2582 4256 =
2607 4211 2752 4266 Mon.
2779 4211 2962 4266 Germ.
2991 4209 3127 4280 Cap.
3154 4210 3205 4263 ll
3230 4211 3300 4264 65

619 4319 672 4353 n.
695 4300 818 4363 203;
845 4297 1041 4369 Spicil.
1063 4297 1185 4353 Cas.
1214 4300 1235 4352 1
1262 4299 1388 4362 334;
1416 4300 1484 4353 cf.
1520 4297 1888 4353 Miihlbacher
1913 4299 2050 4368 Reg.
2073 4297 2203 4352 Kar.
2236 4300 2249 4330 ¹
2277 4298 2434 4360 1094;
2464 4297 2688 4362 ¹1124):
2728 4297 2927 4366 Itaque
2955 4295 3300 4351 decernimus

627 4388 686 4440 ct
723 4386 828 4439 hoc
863 4384 1178 4455 apostolico
1226 4404 1325 4455 per
1372 4385 1595 4440 litteras
1640 4388 1858 4441 nostras
1901 4388 1959 4441 et
1995 4382 2189 4440 missos
2225 4383 2582 4451 mandamus,
2627 4387 2692 4441 ut
2736 4402 2923 4440 murus
2960 4382 3301 4438 firmissimus

621 4472 770 4527 circa
805 4472 1098 4528 ecclesiam
1138 4473 1188 4527 b.
1217 4473 1369 4529 Petri
1407 4476 1776 4529 construatur.

415 4595 496 4656 *2
2788 4594 2918 4658 852
2962 4592 3098 4658 iun.
3127 4593 3217 4658 27

415 4699 573 4762 Leo
620 4698 717 4763 IV
763 4698 976 4778 iubet,
1034 4705 1107 4763 ut
1167 4719 1383 4763 secum
1444 4699 1730 4782 episcopi
1786 4700 2028 4782 pariter
2087 4719 2163 4763 ac
2223 4699 2623 4783 sacerdotes,
2687 4702 2881 4763 immo
2941 4698 3178 4762 levitae
3232 4702 3300 4762 et

416 4802 691 4865 universi
741 4801 996 4867 ordines
1041 4803 1416 4867 clericorum
1464 4802 1526 4867 S.
1569 4801 1646 4867 R.
1679 4802 1754 4866 E.
1800 4799 1946 4886 post
1990 4804 2306 4868 laetanias
2350 4809 2418 4868 et
2462 4804 2836 4887 psalterium
2884 4802 3297 4867 decantatum

415 4927 557 4969 cum
615 4906 866 4990 hymnis
929 4911 996 4971 et
1050 4908 1313 4970 canticis
1365 4906 1800 4991 spiritualibus
1852 4928 1970 4991 per
2038 4913 2239 4972 totum
2307 4929 2634 4972 murorum
2694 4905 3003 4971 ambitum
3061 4905 3295 4990 (novae

415 5010 690 5074 civitatis
733 5010 1113 5095 Leoninae),
1180 5010 1365 5076 nudis
1425 5010 1723 5096 pedibus,
1779 5013 2061 5078 cinerem
2106 5018 2436 5097 portantes
2479 5014 2546 5077 in
2592 5013 2837 5096 capite,
2885 5011 3294 5075 circumeant.

414 5113 668 5178 Novum
716 5135 877 5198 opus
921 5115 1197 5180 dedicat.
1305 5121 1314 5130 ‘
