4065 6049
774 502 856 564 94
2128 498 2323 557 Roma.

770 675 817 738 2
2589 676 2855 758 Anayni
2898 676 3304 760 (1173—76)
3351 677 3469 742 iul.
3504 679 3586 741 19

771 778 1218 843 Alexander
1262 778 1368 843 III
1411 779 1609 844 Petro
1657 778 2217 865 archipresbytero
2265 786 2334 845 et
2377 780 2627 844 clericis
2659 781 2814 844 eccl.
2848 802 2897 844 s.
2931 779 3287 845 Eustachii:
3336 781 3673 845 confirmat

772 882 1179 948 amicabilem
1247 885 1778 969 compositionem
1848 886 2016 949 inter
2084 884 2392 950 ecclesias
2465 906 2515 948 s.
2569 882 2901 948 Eustachii
2970 889 3037 948 et
3102 907 3151 948 s.
3207 885 3539 950 Laurentii
3606 886 3672 949 in

772 985 1056 1052 Damaso
1103 986 1186 1052 de
1217 987 1592 1053 investitura
1622 988 2049 1072 sacerdotum,
2094 989 2418 1072 scrutinio,
2462 986 2851 1072 baptismate
2898 992 2965 1053 et
3009 988 3289 1073 capitulo
3337 995 3374 1053 4
3408 989 3671 1075 cappel-

759 1090 980 1155 larum
1026 1113 1076 1154 s.
1109 1091 1548 1177 Pantaleonis,
1594 1115 1643 1157 s.
1677 1091 2063 1178 Sebastiani,
2110 1115 2159 1157 s.
2192 1091 2534 1157 Benedicti
2579 1097 2647 1156 et
2690 1114 2740 1156 s.
2774 1090 3086 1158 Silvestri.

1155 1221 1206 1259 v.
1244 1202 1392 1258 Eccl.
1428 1222 1471 1259 s.
1506 1204 1797 1260 Eustachii
1834 1203 1994 1259 iuxta
2028 1204 2303 1274 templum
2342 1202 2630 1274 Agrippae
2667 1221 2722 1258 n.
2747 1204 2796 1258 4.

774 1343 857 1407 *3
3212 1349 3556 1410 1166-81

773 1448 1226 1514 Alexander
1269 1448 1376 1511 III
1432 1448 1680 1534 profert
1724 1448 2111 1513 sententiam
2173 1448 2345 1513 inter
2409 1449 2749 1513 canonicos
2803 1471 2853 1513 s.
2898 1448 3078 1514 Petri
3134 1347 3270 1514 bas.
3316 1349 3672 1516 Vaticadae

774 1560 843 1617 et
886 1553 1155 1617 clericos
1198 1574 1248 1617 s.
1290 1553 1621 1618 Laurentii
1680 1552 1744 1615 in
1788 1551 2076 1617 Damaso
2130 1573 2324 1638 super
2370 1553 2645 1617 ecclesia
2688 1575 2737 1618 s.
2771 1551 3020 1618 Mariae
3066 1559 3133 1617 et
3177 1575 3227 1616 s.
3260 1553 3670 1621 catharinae.

1159 1682 1208 1719 v.
1247 1661 1395 1720 Eccl.
1433 1682 1475 1720 s.
1513 1663 1668 1720 Petri
1707 1663 1765 1718 in
1805 1662 2085 1719 Vaticano
2121 1682 2174 1720 n.
2199 1664 2283 1718 41.

773 1789 817 1849 4
2812 1786 3060 1852 Verona
3105 1787 3339 1870 (1185)
3383 1789 3511 1854 dec.
3545 1790 3584 1852 5

774 1890 1129 1957 Urbanus
1175 1889 1282 1955 ΙΙΙ
1326 1891 1573 1957 clericis
1602 1914 1650 1955 s.
1683 1891 1891 1957 Celsi:
1939 1892 2273 1979 praecipit,
2321 1896 2636 1976 quatenus
2681 1890 3013 1975 cardinali,
3061 1892 3170 1976 qui
3214 1913 3331 1977 pro
3378 1898 3672 1978 tempore

775 1995 970 2061 fuerit
1012 1998 1077 2060 in
1122 1994 1276 2062 eccl.
1309 2017 1358 2060 s.
1392 1997 1722 2060 Laurentii
1765 1997 1831 2060 in
1860 1996 2168 2081 DamasO,
2215 2001 2282 2060 et
2327 1995 2607 2080 capitulo
2655 1996 2793 2059 eius
2838 1994 3318 2060 oboedientiam
3367 2018 3443 2061 ac
3487 2018 3670 2063 reve-

775 2102 1050 2166 rentiam
1114 2099 1400 2166 debitam
1469 2107 1601 2165 tam
1667 2101 1734 2164 in
1789 2101 2087 2185 capitulis
2146 2122 2338 2186 quam
2409 2102 2472 2164 in
2529 2100 2807 2164 servitiis
2874 2099 3268 2185 impendant.
3338 2139 3423 2149 —
3489 2103 3674 2167 Licet

774 2205 1106 2270 universis.
1183 2204 1332 2269 Dat.
1367 2203 1606 2270 Veron.
1655 2225 1801 2269 non.
1850 2204 1988 2270 dec.

984 2315 1033 2370 0
1058 2315 1103 2382 s.
1141 2319 1251 2371 266‘
1287 2321 1337 2371 ct
1369 2316 1413 2382 f.
1441 2322 1573 2372 272¹.
1627 2346 1695 2356 —
1749 2315 1897 2372 Edd.
1936 2316 2209 2385 Ciampini
2240 2333 2295 2385 p.
2325 2322 2415 2371 152
2469 2338 2533 2362 =
2593 2315 2840 2370 Fon-seca
2864 2332 2923 2385 p.
2948 2322 3062 2372 274.
3117 2346 3180 2357 —
3241 2316 3405 2389 Reyq.
3448 2318 3672 2372 Morem·

778 2402 946 2457 Ritus
979 2402 1153 2456 dandi
1178 2420 1238 2473 p.
1263 2407 1374 2458 312.
1432 2402 1542 2459 JL.
1581 2411 1753 2459 15476.

779 2543 819 2603 5
2845 2543 3092 2613 Verona
3137 2549 3308 2610 1186
3349 2546 3467 2625 seb.
3503 2545 3585 2609 14

777 2644 1144 2711 Urbanus
1188 2645 1295 2711 111
1339 2647 1536 2713 Petro
1582 2648 1780 2734 priori
1825 2655 1976 2713 etc.:
2025 2649 2364 2714 ecclesiam
2411 2672 2461 2715 s.
2493 2650 2826 2714 Laurentii
2870 2649 2987 2714 sub
3033 2656 3238 2735 apost.
3270 2650 3668 2735 protectione

778 2752 1044 2835 suscipit
1088 2757 1154 2816 et
1197 2753 1636 2837 possessiones
1681 2753 1957 2837 propriis
2009 2775 2352 2839 expressas
2396 2753 2726 2818 vocabulis
2782 2760 2849 2819 et
2891 2756 3031 2819 iura
3075 2753 3472 2838 parochialia
3518 2774 3668 2817 con-

778 2854 1009 2920 firmat.
1063 2891 1133 2903 —
1182 2854 1602 2939 Apostolicae
1647 2855 2024 2922 sublimitas.
2116 2857 2257 2943 Ego
2304 2857 2602 2924 Urbanus
2647 2864 2771 2923 etc.
2845 2856 3098 2923 Subscr.
3153 2863 3228 2922 14
3277 2858 3448 2923 card.
3517 2857 3668 2921 Dat.

779 2958 1019 3031 Veron.
1065 2981 1128 3044 p.
1160 2979 1245 3023 m.
1293 2959 1720 3024 Transmundi
1765 2960 1830 3026 S.
1859 2960 1942 3027 R.
1975 2961 2051 3027 E.
2097 2968 2253 3049 not.,
2306 2967 2382 3029 16
2413 2962 2546 3028 kal.
2592 2968 2801 3048 mart.,
2848 2962 2978 3029 ind.
3011 2967 3072 3050 4,
3120 2984 3180 3029 a.
3224 2963 3346 3028 inc.
3381 2962 3442 3027 d.
3484 2964 3668 3047 1185,

779 3070 956 3147 pont.
1001 3083 1062 3127 v.
1109 3063 1353 3129 Urbani
1399 3086 1508 3150 pp.
1555 3087 1613 3130 a.
1654 3072 1706 3130 1.

986 3174 1051 3229 Β.
1112 3174 1355 3241 Ofism.
1424 3176 1561 3243 Df.
1597 3179 1692 3232 67‘.
1760 3176 2071 3247 Ep.1oo7.
2109 3209 2175 3218 —
2210 3178 2357 3234 Edd.
2396 3177 2755 3249 Oion-pinis».
2793 3187 2895 3235 140
2941 3195 3009 3234 ex
3043 3179 3100 3234 Β
3152 3201 3218 3225 =
3264 3177 3435 3233 Bovio
3482 3193 3537 3246 p.
3576 3185 3672 3232 144

779 3261 960 3331 βίαι).
1023 3259 1272 3316 Fonscca
1296 3279 1356 3330 p.
1382 3268 1480 3318 250
1514 3279 1581 3317 ex
1617 3264 1683 3319 Β.
1720 3293 1783 3304 -
1821 3263 1986 3335 Βερρ.
2023 3264 2247 3320 Mor-etti
2294 3264 2464 3320 Ritus
2510 3264 2687 3319 dandi
2724 3281 2786 3334 p.
2822 3271 2934 3321 314.
3008 3265 3074 3320 P.
3103 3265 3345 3333 Adinolfi
3390 3265 3451 3319 11
3481 3264 3673 3319 canale

776 3347 838 3400 di
868 3352 1029 3416 ponte
1055 3364 1114 3417 p.
1140 3354 1219 3403 23.
1291 3349 1356 3404 P.
1382 3349 1623 3418 Adinolfi
1657 3350 1748 3404 La
1780 3351 1872 3404 via
1906 3367 2067 3405 sacra
2104 3368 2138 3407 o
2173 3351 2257 3405 del
2286 3368 2437 3421 papa
2467 3369 2523 3420 p.
2554 3360 2600 3407 9.
2672 3352 2778 3408 JL.
2816 3359 2982 3407 15531.

1158 3443 1381 3500 Bullam
1432 3444 1635 3500 falsam
1687 3448 1746 3501 et
1780 3444 2005 3500 omnino
2059 3445 2328 3501 ficticiam
2382 3463 2500 3501 esse
2555 3446 2844 3502 contendit
2881 3446 2940 3502 P.
2972 3445 3163 3516 Spezi;
3216 3463 3318 3501 nos
3373 3449 3569 3501 contra
3605 3463 3671 3499 ex

984 3530 1229 3586 maxima
1264 3532 1465 3588 saltem
1501 3534 1666 3603 parte
1713 3531 2014 3603 genuinam
2062 3532 2391 3596 retinemus:
2438 3534 2545 3588 hoc
2589 3552 2761 3588 unum
2806 3532 3264 3599 concesserimus,
3310 3532 3672 3588 ecclesiarum

985 3617 1278 3673 elenchum
1315 3618 1374 3673 in
1410 3618 1741 3675 documento
1778 3622 2105 3676 contentum
2140 3620 2391 3690 potuisse
2426 3624 2528 3676 aut
2563 3620 2893 3691 interpolari
2929 3623 3033 3677 aut
3069 3618 3417 3677 commutari.

779 3811 820 3872 6
2655 3811 2902 3878 Verona
2946 3811 3352 3896 (1186—87)
3397 3817 3511 3878 oct.
3543 3814 3588 3874 3

776 3911 1139 3977 Urbanus
1183 3913 1289 3977 III
1335 3914 1615 3999 capitulo
1663 3938 1712 3980 s.
1743 3916 2077 3981 Laurentii
2122 3916 2189 3979 in
2232 3914 2545 3980 Damaso:
2595 3916 2885 3982 decernit
2927 3918 3176 3984 litteras
3223 3924 3289 3983 et
3332 3917 3673 4002 privilegia

777 4021 927 4100 post
977 4017 1385 4103 privilegium
1444 4020 1767 4085 canonicis
1820 4040 2193 4085 concessum
2246 4021 2341 4103 (n.
2376 4021 2480 4106 5),
2546 4042 2712 4106 quae
2760 4021 2972 4086 eidem
3021 4022 3364 4108 derogent,
3429 4022 3671 4086 nullum

778 4121 1066 4205 vigorem
1099 4120 1360 4187 habere.
1434 4122 1758 4209 Indulget,
1797 4128 1869 4187 ut
1898 4124 2223 4189 cardinale
2253 4130 2522 4190 vacante
2553 4125 2658 4190 vel
2689 4125 2956 4191 absente
2987 4124 3271 4191 habeant
3302 4125 3673 4190 facultatem

779 4245 1162 4310 yconomum
1208 4227 1550 4293 statuendi.
1598 4265 1681 4276 -
1726 4228 1907 4293 Inter
1951 4229 2112 4294 alias
2158 4230 2482 4295 ecclesias.
2573 4228 2724 4322 Dat.
2757 4230 2996 4296 Veron.
3032 4236 3070 4296 5
3117 4251 3262 4294 non.
3311 4235 3434 4295 oct.

989 4336 1036 4390 0
1062 4336 1107 4403 f.
1133 4344 1243 4393 266.
1280 4368 1348 4378 —
1384 4337 1491 4394 Ed.
1530 4339 1672 4394 Gott.
1709 4339 1910 4396 Nachr.
1949 4347 2084 4394 1900
2108 4358 2167 4409 p.
2193 4348 2301 4395 429
2333 4357 2391 4397 n.
2416 4347 2497 4396 20.
2537 4370 2602 4380 -
2640 4341 2766 4410 Req.
2802 4341 2912 4398 JL.
2952 4373 3031 4398 —.

1160 4433 1330 4489 Estne
1365 4434 1473 4489 hoc
1507 4434 1813 4505 genuinum
1849 4434 2285 4492 documentum?

1585 4759 1907 4830 Ecclesla
1953 4779 2010 4830 S.
2042 4761 2359 4831 'rhomae
2404 4764 2483 4830 in
2526 4764 2859 4833 Parione.

1797 4886 1939 4953 (San
1975 4885 2274 4940 Tommaso
2310 4884 2367 4940 in
2406 4885 2679 4956 Pax-ione.)

990 5011 1347 5070 Panciroli
1388 5016 1406 5048 ¹
1434 5032 1487 5085 p.
1511 5015 1634 5080 794;
1691 5018 1713 5049 ²
1739 5034 1793 5086 p.
1823 5016 1942 5072 784.
2000 5045 2066 5057 -
2116 5015 2509 5072 Martinelli
2555 5035 2608 5086 p.
2645 5016 2763 5072 312.
2817 5046 2883 5057 —-
2942 5015 3291 5087 Ciampini
3328 5016 3409 5071 De
3445 5015 3497 5072 S.
3524 5016 3587 5072 R.
3614 5016 3674 5071 E.

783 5099 1244 5155 vicecancellario
1280 5119 1334 5171 p.
1358 5101 1478 5157 204.
1527 5132 1594 5141 -—
1648 5102 1905 5157 Piazza
1942 5121 1994 5172 p.
2019 5102 2125 5158 580
2147 5120 2228 5171 sq.
2278 5134 2345 5144 —-
2382 5102 2591 5158 Bovio
2629 5103 2709 5158 La
2743 5104 2902 5174 pieta
2938 5104 3247 5159 trionsante
3279 5121 3332 5173 p.
3363 5101 3460 5157 187
3484 5120 3566 5171 sq.
3607 5130 3675 5140 —

782 5186 1087 5242 Fonscca
1141 5185 1220 5242 De
1267 5188 1383 5243 bas.
1418 5206 1446 5241 s
1498 5188 1786 5245 Laurentii
1841 5189 1897 5243 in
1943 5190 2185 5244 Damaso
2221 5207 2276 5259 p.
2311 5189 2519 5259 2809q.
2563 5220 2631 5230 —
2677 5189 2908 5260 Nibby
2946 5192 2970 5246 I
3007 5192 3208 5259 739sq.
3257 5221 3321 5229 --
3362 5187 3676 5243 Porcella

768 5273 886 5329 'Vll
924 5274 1029 5328 533
1052 5292 1133 5343 sq.
1170 5304 1232 5314 —
1273 5274 1632 5330 Armellini
1676 5279 1693 5310 ¹
1731 5295 1786 5348 p.
1810 5276 1938 5340 644;
1977 5279 1999 5309 ²
2036 5294 2091 5346 p.
2117 5276 2318 5345 384⁸sp
