4065 6049
957 476 982 535 1
997 477 1074 537 74
1546 496 1551 501 ·
2309 468 2503 525 Roma.

1328 643 1484 698 Hanc
1523 644 1820 712 epistolam
1860 660 1972 698 una
2009 660 2135 698 cum
2172 641 2409 714 Eugenii
2452 644 2526 697 111
2579 642 2787 698 litteris
2831 642 2903 697 ad
2942 642 3290 711 G(osvinum)
3328 641 3724 696 Cisterciensem
3748 646 3787 696 et

1157 729 1443 783 universos
1491 730 1730 784 abbates
1773 731 1924 800 apud
1977 729 2308 784 Cistercium
2357 733 2729 800 congregatos
2777 747 2827 783 a.
2858 730 2991 782 1152
3041 748 3168 796 aug.
3195 730 3230 783 4
3265 728 3502 783 directis
3537 727 3647 795 (JL.
3675 729 3790 786 9603}

1156 816 1378 870 missam
1417 817 1766 871 Loewenl'eld
1803 816 1840 871 l.
1865 834 1910 870 c.
1949 816 2242 886 opinatur,
2281 817 2376 870 sed
2413 816 2485 870 ad
2524 816 2751 870 ultimos
2790 814 3025 885 Eugenii
3067 815 3145 869 111
3184 816 3305 870 dies
3348 814 3675 868 referendam
3706 832 3788 868 esse

1163 922 1229 957 ex
1257 903 1486 957 Gosvini
1513 903 1739 957 abbatis
1765 904 2022 974 epistolis
2048 903 2421 967 (Loewenseld
2450 922 2501 958 u.
2522 904 2556 957 2
2581 907 2639 957 et
2663 904 2714 971 3)
2741 902 3043 972 colligitur.
3070 934 3133 942 —
3159 902 3314 957 Conf.
3342 901 3521 956 etiam
3547 900 3793 969 Hugonis

1159 988 1330 1058 episc.
1371 989 1630 1045 Hostien.
1676 990 1974 1060 epistolam
2013 990 2086 1045 ad
2126 990 2429 1044 Gosvinnm
2466 989 2732 1044 abbatem
2770 989 3193 1044 Cisterciensem
3231 994 3340 1043 etc.
3390 987 3471 1055 (in
3518 987 3791 1040 s.Ben1ardi

1162 1076 1307 1146 Opp.
1333 1078 1417 1131 ed.
1445 1077 1717 1134 Mabillon
1756 1078 1907 1132 1389
1942 1097 1992 1132 n.
2017 1080 2137 1141 440,
2176 1078 2272 1131 ubi
2299 1077 2438 1132 haec
2477 1076 2740 1147 legimns:
2783 1076 3139 1142 mentiones,
3176 1094 3319 1145 quas
3358 1076 3569 1129 latores
3591 1091 3791 1143 praesen-

1157 1163 1299 1217 tium
1339 1181 1436 1232 pro
1474 1164 1636 1217 domo
1673 1183 1715 1216 s.
1737 1165 2020 1219 Anastasii
2060 1167 2119 1219 et
2158 1183 2258 1234 pro
2293 1166 2456 1219 domo
2506 1165 2706 1218 Fossae
2742 1182 2919 1219 novae
2955 1167 3015 1217 et
3053 1182 3154 1234 pro
3190 1164 3359 1217 domo
3400 1163 3473 1215 de
3509 1161 3644 1214 Casa
3674 1158 3792 1212 Marii

1156 1249 1315 1304 vobis
1353 1250 1580 1316 sacient,
1619 1251 1858 1321 benigne
1894 1255 1953 1306 et
1989 1252 2296 1306 efficaciter
2331 1251 2673 1316 exaudiatis;
2711 1250 2962 1320 alioquin
3000 1249 3199 1306 sciatis
3236 1250 3390 1318 quod
3431 1248 3563 1302 inde
3586 1264 3792 1315 magnum

1157 1336 1398 1392 sentitur
1434 1338 1786 1394 scandalum‘*
1795 1379 1808 1393 .

950 1478 1027 1540 *4
3357 1477 3736 1558 (1145-53)

948 1581 1344 1663 Eugenius
1389 1579 1494 1643 III
1527 1581 1822 1647 concedit
1869 1582 2274 1667 privilegium
2308 1583 2749 1667 protectionis,
2781 1588 3088 1663 statuens,
3122 1590 3192 1646 ut
3222 1605 3399 1646 mon.
3434 1582 3494 1644 b.
3529 1582 3792 1645 Anastasii

950 1685 1278 1768 perpetuis
1343 1685 1737 1769 temporibus
1797 1693 1990 1771 caput
2049 1686 2348 1750 abbatiae
2404 1687 2711 1750 consistat
2766 1693 2832 1749 et
2886 1686 3116 1751 fratres
3172 1687 3300 1750 illic
3361 1688 3427 1749 in
3493 1686 3709 1764 hieme,
3753 1686 3795 1745 in

952 1790 1197 1851 aestivo
1260 1796 1475 1851 autem
1523 1794 1814 1873 tempore
1863 1791 1926 1852 in
1979 1790 2220 1874 oppido
2278 1790 2485 1853 Nemo
2533 1789 2780 1872 (Nemi)
2827 1797 3330 1871 commorentur,
3396 1797 3465 1854 et
3522 1790 3795 1853 confirmat

950 1893 1408 1977 possessiones,
1456 1894 1831 1957 nominatim
1878 1893 2091 1958 locum
2136 1919 2185 1959 s.
2218 1894 2477 1960 Donati.

1158 2020 1344 2075 Laud.
1381 2022 1441 2073 in
1476 2038 1532 2075 n.
1560 2028 1633 2076 11.
1673 2030 1745 2076 15.
1785 2028 1860 2075 16.
1901 2050 1966 2060 —
2008 2020 2136 2089 Ray.
2171 2020 2283 2075 JL.
2321 2052 2404 2074 —.

951 2148 1028 2207 *5
3535 2142 3735 2224 (1153)

949 2254 1412 2318 Anastasius
1455 2250 1553 2314 IV
1620 2251 1956 2314 conventui
2022 2248 2326 2312 abbatum
2396 2249 2532 2312 ord.
2590 2249 2853 2314 Cisterc.
2926 2251 2990 2312 in
3058 2250 3342 2333 capitulo
3422 2253 3791 2331 congregato:

950 2357 1169 2422 scribit
1213 2379 1329 2442 pro
1376 2354 1678 2419 fratribus
1723 2378 1772 2417 s.
1807 2354 2129 2418 Anastasii
2179 2353 2283 2435 (ut
2326 2374 2390 2416 n.
2424 2356 2516 2434 3).

1159 2482 1338 2538 Laud.
1364 2484 1426 2535 in
1454 2482 1677 2535 Gom-ini
1711 2482 1822 2534 abb.
1857 2481 2081 2548 epistola
2118 2480 2194 2532 ad
2231 2479 2581 2533 Anasta-sium
2610 2479 2699 2533 IV
2728 2479 2833 2548 (ed.
2862 2479 3199 2550 Loeweufeld
3234 2482 3267 2535 l.
3294 2498 3337 2534 c.
3373 2498 3433 2549 p.
3466 2486 3566 2535 403
3595 2495 3642 2532 n.
3665 2482 3720 2545 2).
3744 2508 3791 2518 -

950 2571 1081 2640 Rey.
1118 2570 1225 2625 JL.
1263 2575 1416 2624 9798.

950 2710 1032 2772 *6
3354 2707 3729 2792 (1153—54)

948 2814 1410 2877 Anastasius
1455 2811 1553 2875 IV
1599 2811 1893 2875 concedit
1937 2810 2344 2894 privilegium
2389 2816 2463 2874 ut
2505 2831 2569 2875 n.
2601 2814 2662 2876 4.

1155 2941 1337 2996 Laud.
1373 2942 1436 2993 in
1469 2957 1525 2993 n.
1556 2948 1625 2993 11.
1667 2947 1736 2993 15.
1778 2946 1849 2994 16.
1887 2970 1953 2979 ——
1994 2939 2125 3009 Rea.
2171 2939 2481 2992 Tomasselti
2511 2957 2571 3009 p.
2600 2946 2697 2995 143
2730 2957 2788 2995 n.
2817 2947 2896 2995 23.
2934 2940 3041 2995 JL.
3077 2971 3163 2996 —-.

1334 3056 1402 3108 cf.
1427 3053 1706 3108 Libellum
1754 3052 2067 3123 supplicem
2105 3053 2336 3108 Gosvini
2384 3054 2513 3109 abb.
2553 3054 2783 3110 Cisterc.
2819 3056 2891 3110 ad
2929 3054 3290 3111 Anasta-sium
3328 3056 3404 3110 lv
3449 3054 3554 3124 (ed.
3579 3052 3783 3106 Loewen·

1153 3141 1268 3195 feld
1305 3141 1341 3195 l.
1370 3159 1416 3195 c.
1454 3159 1509 3210 p.
1533 3140 1637 3194 403
1675 3158 1726 3193 n.
1752 3141 1830 3204 2):
1874 3139 2178 3204 „Quocirca
2214 3139 2598 3210 supplicamus
2636 3141 2701 3195 V.
2744 3142 2822 3206 Β.,
2872 3144 2936 3196 ut
2971 3143 3194 3196 domum
3233 3142 3421 3213 ipsam
3456 3139 3724 3197 secundum
3749 3135 3787 3187 <L

1159 3227 1470 3282 Innocentii
1496 3225 1852 3282 donationem
1871 3227 1950 3294 (π.
1981 3230 2038 3293 2)
2066 3231 2125 3281 et
2149 3228 2201 3282 d.
2229 3228 2460 3296 Eugenii
2488 3229 2959 3283 confirmationem
2984 3231 3063 3297 (n.
3088 3231 3145 3299 4)
3181 3229 3550 3285 Claraevallis
3572 3221 3785 3281 ecclesiae

1159 3320 1218 3370 et
1253 3315 1430 3369 ordini
1468 3319 1654 3368 nostro
1691 3313 1750 3367 in
1787 3313 1892 3376 his,
1930 3332 2075 3382 quae
2104 3315 2173 3369 ad
2201 3315 2512 3370 animarum
2547 3333 2734 3370 curam
2761 3320 2821 3371 et
2846 3316 3201 3387 disciplinam
3225 3316 3517 3388 religionis
3541 3310 3785 3383 pertinent,

1162 3401 1500 3455 confirmetis
1537 3444 1548 3456 .
1579 3402 1623 3455 .“

953 3540 1034 3602 *7
3390 3539 3701 3606 1153-54

952 3645 1029 3708 In
1089 3646 1265 3708 curia
1309 3646 1712 3709 Anastasii
1760 3645 1857 3710 IV
1903 3668 2095 3710 causa
2141 3648 2307 3711 inter
2351 3647 2804 3711 Carantionem
2853 3669 3234 3732 yconomum
3289 3543 3782 3711 s.(Anastasii)ad

952 3751 1210 3834 Aquam
1257 3747 1539 3812 Salviam
1585 3755 1651 3812 et
1696 3749 2045 3813 Caeciliam
2093 3749 2481 3814 abbatissam
2530 3775 2577 3814 s.
2612 3753 2856 3816 Mariae
2903 3753 2968 3815 in
3011 3751 3329 3834 Tempulo
3375 3752 3599 3836 agitur.

1334 3895 1382 3930 v,
1411 3877 1554 3930 Mon.
1592 3896 1632 3930 s.
1660 3876 1871 3930 Mariae
1906 3877 1965 3930 in
2001 3878 2276 3947 Tempulo
2314 3897 2366 3932 n.
2392 3879 2440 3932 2.

953 4002 1034 4064 *a
3352 3995 3719 4084 (ΠΜ-55)

952 4106 1392 4169 Hadrianus
1423 4105 1519 4169 IV
1554 4105 1895 4168 committit
1924 4104 2218 4169 Mardoni
2265 4107 2803 4189 protoscriniariO,
2848 4106 3102 4191 Filippo
3153 4106 3489 4170 sacellario
3533 4109 3594 4168 et
3635 4097 3780 4186 [Gre-

953 4206 1161 4295 gorio]
1212 4208 1294 4271 de
1341 4208 1715 4272 Primicerio
1763 4210 2008 4272 arcario
2056 4231 2314 4278 causam
2362 4209 2635 4274 eandem
2681 4211 2774 4291 (n.
2808 4212 2899 4291 7).

1331 4355 1380 4390 v.
1407 4335 1553 4390 Mon.
1590 4355 1630 4390 S.
1657 4335 1869 4392 Mariae
1906 4336 1960 4390 in
2000 4337 2277 4407 Tempulo
2313 4357 2365 4392 n.
2391 4338 2439 4392 3.

956 4463 996 4523 9
3238 4463 3408 4525 1155
3451 4461 3620 4525 mart.
3650 4453 3714 4515 14

951 4563 1400 4628 Hadrianus
1460 4563 1555 4628 IV
1623 4565 1956 4628 confirmat
2023 4567 2405 4629 sententiam
2476 4588 2514 4629 a
2581 4566 2893 4630 Mardone
2964 4568 3511 4651 protoscriniario,
3572 4558 3773 4639 FilippO

952 4669 1288 4733 sacellario
1337 4676 1404 4732 et
1446 4666 1812 4754 [Gregorio]
1863 4668 1943 4732 de
1976 4668 2354 4733 Primicerio
2388 4671 2631 4734 arcario
2680 4693 2736 4733 a.
2778 4676 2940 4733 1155
2988 4671 3113 4735 feb.
3156 4676 3222 4734 11
3278 4672 3586 4756 prolatam
3625 4663 3699 4744 (st
3725 4654 3777 4734 3)

953 4782 1020 4838 et
1064 4779 1335 4838 evacuat
1381 4772 1886 4857 appellationem
1934 4795 1972 4836 a
2018 4773 2406 4837 Carantione
2452 4795 2765 4857 yconomo
2812 4798 2860 4837 s.
2895 4775 3221 4839 Anastasii
3267 4775 3521 4840 factam.

1331 4919 1381 4956 v.
1408 4901 1556 4954 Mon.
1594 4919 1634 4954 s.
1661 4900 1874 4955 Mariae
1911 4900 1967 4954 in
2006 4900 2282 4970 Tempulo
2318 4919 2370 4955 n.
2395 4902 2444 4954 4.

953 5016 987 5052 =¹=
995 5019 1076 5078 10
3351 5001 3708 5097 (1154-59)

953 5119 1395 5184 Hadrianus
1440 5116 1536 5182 IV
1583 5117 1877 5181 concedit
1920 5116 2327 5201 privilegium
2376 5117 2888 5182 confirmationis.

1157 5247 1341 5302 Laud.
1376 5247 1440 5300 in
1473 5264 1530 5301 n.
1555 5255 1628 5301 15.
1667 5254 1741 5301 16.
1779 5277 1837 5287 -
1880 5246 2002 5315 Rea.
2044 5246 2151 5299 ΔΙ..
2190 5279 2269 5300 -.
