4065 6049
1156 471 1302 527 Mon.
1339 490 1408 526 ss.
1449 470 1701 528 Andreae
1739 475 1799 528 et
1832 471 2087 543 Gregorii
2125 470 2184 527 in
2220 470 2381 527 Clivo
2417 472 2627 529 Scauri.
3218 479 3337 540 105

663 647 700 701 1
773 670 835 693 =
876 646 1060 702 Codex
1098 649 1348 702 veterum
1395 647 1711 703 chartarum
1763 666 1804 701 s.
1840 646 2098 719 Gregorii
2134 650 2202 704 de
2240 648 2414 714 Urbe,
2450 668 2492 703 s.
2520 647 2722 713 XVIII,
2762 665 2798 703 a
2835 647 2991 703 Ferd.
3028 646 3339 702 Romualdo

869 733 1144 789 Guiccioli
1202 734 1514 799 confectus,
1564 735 1742 790 Roma
1779 735 1943 790 Arch.
1991 735 2051 790 di
2097 735 2149 791 S.
2185 735 2478 806 Gregorio;
2533 736 2601 791 cf.
2647 733 2856 790 Gibelli
2900 733 3155 789 L’antico
3191 751 3337 788 mon.

866 840 919 891 p.
940 821 1071 885 VlI;
1120 821 1259 876 lozzi
1296 840 1349 892 p.
1379 823 1466 886 18;
1524 822 1724 879 Fedele
1761 823 1819 876 in
1856 824 2018 878 Arch.
2047 822 2197 879 della
2235 823 2353 879 Soc.
2385 823 2539 877 Rom.
2568 822 2770 876 XXVII
2812 822 2989 889 (1904)
3016 840 3070 892 p.
3093 822 3197 875 427
3222 824 3337 875 not.

664 941 729 949 —
769 941 834 949 —
871 907 1288 964 Chartularium
1323 927 1467 968 mon.
1502 927 1543 965 s.
1571 909 1825 981 Gregorii
1861 909 1920 964 in
1957 909 2117 965 Clivo
2155 909 2362 977 Scauri,
2401 909 2772 965 Cheltenham
2808 908 2955 964 Bibl.
2982 910 3070 964 Sir
3094 908 3339 963 Thomas

864 994 1108 1065 Phillips
1143 994 1264 1051 cod.
1287 996 1440 1061 7679,
1476 1013 1580 1068 ego
1617 994 1908 1066 exquirere
1942 1015 2052 1052 non
2088 996 2267 1068 potui.

666 1250 907 1315 Codice
951 1248 1353 1335 Gregoriano
1397 1249 1530 1335 [0]
1579 1258 1645 1316 et
1688 1252 1929 1317 archivi
1975 1252 2213 1317 chartis
2271 1274 2421 1316 usus
2476 1258 2576 1317 est
2628 1253 2823 1317 etiam
2881 1250 2957 1315 Ο.
2989 1248 3339 1313 Panvinius

450 1356 516 1417 in
560 1354 879 1439 opusculis
926 1356 1055 1419 suis
1097 1355 1199 1420 De
1244 1361 1438 1440 gente
1483 1355 1713 1420 Anicia
1766 1356 1911 1420 libri
1957 1360 1995 1419 2
2044 1363 2110 1421 et
2152 1355 2255 1421 De
2308 1362 2503 1440 gente
2546 1355 2953 1441 Fregepania
2997 1352 3143 1416 libri
3189 1357 3225 1415 4
3275 1352 3341 1414 in

453 1458 591 1523 cod.
625 1458 773 1524 Vat.
807 1458 1001 1523 Barb.
1035 1462 1194 1524 2481
1235 1458 1565 1544 (ΧΧΧΠΙ
1602 1458 1687 1545 1),
1734 1483 1782 1524 s.
1815 1460 1999 1542 XVI,
2048 1467 2114 1526 et
2157 1461 2220 1524 in
2267 1460 2407 1525 cod.
2441 1459 2593 1524 bibl.
2627 1459 2979 1544 Angelicae
3029 1462 3107 1522 77
3154 1454 3245 1540 (A
3280 1460 3335 1519 7.

459 1563 583 1645 16),
631 1587 679 1627 s.
723 1563 989 1647 XVIII,
1049 1563 1151 1630 De
1196 1570 1391 1649 gente
1436 1564 1724 1629 Maxima
1776 1564 1922 1629 libri
1967 1569 2005 1628 2
2060 1566 2126 1628 in
2179 1565 2319 1629 cod.
2352 1564 2500 1629 Vat.
2558 1568 2755 1647 6168,
2809 1586 2858 1627 s.
2897 1561 3086 1645 XVI,
3145 1567 3211 1626 et
3276 1561 3340 1622 in

454 1665 593 1755 cod.
641 1665 794 1731 bibl.
841 1666 1135 1732 Patavin.
1196 1690 1256 1732 n.
1299 1671 1453 1752 263,
1508 1691 1555 1732 s.
1589 1667 1753 1734 XVI
1796 1666 1926 1752 (ed.
1975 1667 2057 1732 A.
2100 1666 2233 1732 Mai
2281 1666 2497 1752 Spicil.
2543 1667 2731 1732 Rom.
2766 1666 2865 1730 IX
2920 1669 3044 1729 549
3081 1662 3205 1749 sq.)
3273 1671 3341 1729 et

451 1769 550 1834 De
597 1776 789 1854 gente
835 1770 1192 1836 Matthaeia
1247 1772 1313 1835 in
1359 1772 1499 1837 cod.
1547 1772 1699 1839 bibl.
1731 1772 2025 1837 Patavin.
2072 1795 2134 1837 n.
2170 1776 2316 1855 263,
2360 1795 2409 1836 e.
2442 1771 2630 1848 XVI;
2679 1772 2758 1836 cf.
2806 1770 3023 1836 Perini
3070 1769 3337 1834 Onofrio

452 1874 763 1938 Panvinio
819 1895 854 1939 e
910 1875 972 1939 le
1019 1896 1131 1939 sue
1178 1898 1372 1960 opere
1419 1874 1659 1963 (Roma
1710 1876 1900 1963 1899)
1948 1900 2009 1962 p.
2047 1880 2120 1942 81
2159 1898 2283 1961 sq.;
2338 1880 2456 1940 192
2488 1898 2583 1961 sq.

665 1995 766 2060 De
813 1991 1028 2061 veter?
1063 1996 1322 2062 archivo
1367 2000 1795 2083 procuratoris
1842 1999 1978 2064 ord.
2013 1998 2456 2064 camaldulen.
2503 1998 2566 2061 in
2597 1996 2774 2063 Urbe
2822 1997 2901 2062 cf.
2933 1995 3155 2060 Indice
3201 1992 3339 2060 del-

449 2098 778 2163 l'archivio
826 2099 996 2165 della
1027 2103 1396 2185 procureria
1424 2104 1728 2188 generale
1777 2102 1880 2167 dei
1927 2103 2179 2167 monaci
2210 2101 2665 2184 Camaldolesi,
2708 2101 2919 2166 Roma
2957 2104 3139 2183 1740,
3186 2099 3338 2163 olim

451 2201 701 2268 Romae
748 2204 813 2266 in
858 2203 1116 2269 archivo
1163 2228 1211 2269 s,
1246 2196 1542 2290 Gregorii
1590 2205 1778 2291 (sign.
1810 2205 1872 2269 D
1905 2206 1992 2291 2).
2080 2204 2671 2269 Camaldulensium
2711 2226 2968 2289 quoque
3012 2202 3339 2267 archivum

452 2306 604 2369 olim
674 2307 739 2370 in
795 2307 1070 2374 ecclesia
1127 2331 1176 2373 s.
1223 2308 1571 2373 Romualdi
1636 2309 1717 2375 de
1765 2308 1941 2375 Urbe
2000 2309 2213 2395 periit.
2303 2309 2582 2374 Notitias
2628 2330 2779 2373 vero
2834 2330 2917 2374 ex
2970 2308 3229 2371 archivo
3287 2328 3336 2369 s.

452 2408 752 2495 Gregorii
798 2412 1215 2498 depromptas
1260 2414 1529 2498 praebet
1569 2412 1880 2499 Garampi
1924 2417 1990 2479 in
2019 2415 2555 2480 Adversariorum
2602 2412 2725 2477 vol.
2759 2412 2828 2476 II
2874 2411 3112 2497 (Roma
3138 2409 3337 2474 Aroh.

451 2515 650 2600 Vat.).
742 2516 926 2581 Conf.
983 2518 1176 2582 etiam
1236 2539 1401 2603 quae
1466 2520 1846 2603 transcripta
1904 2526 2053 2584 sunt
2109 2520 2173 2583 in
2230 2519 2626 2583 Monterenzi
2682 2517 3046 2583 Cameralia
3097 2515 3223 2579 vol.
3255 2512 3336 2598 G,

451 2642 498 2681 s.
533 2618 750 2703 XVII,
796 2620 1008 2685 Roma
1054 2620 1246 2687 Arch.
1273 2622 1422 2687 Vat.
1469 2623 1646 2688 Arm.
1695 2622 1989 2687 XXXVI
2037 2629 2080 2686 t.
2116 2628 2151 2687 7
2201 2623 2243 2688 f.
2276 2627 2400 2688 665
2433 2644 2528 2707 sq.

665 2740 768 2806 De
826 2742 1218 2809 bibliotheca
1284 2768 1332 2809 s.
1368 2744 1666 2831 Gregorii
1727 2746 1808 2810 de
1863 2745 2041 2810 Urbe
2096 2746 2175 2809 cf.
2226 2745 2484 2810 Oderici
2546 2743 3047 2809 Dissertationes
3103 2746 3171 2805 et
3220 2738 3335 2803 ad-

451 2847 812 2911 notationes
874 2847 1152 2933 (Romae
1206 2848 1426 2936 1765);
1492 2850 1724 2914 Blume
1790 2850 1927 2916 Iter
1971 2850 2075 2913 III
2132 2855 2245 2914 155
2311 2856 2379 2914 et
2434 2848 2603 2913 Bibl.
2649 2848 2793 2912 libr.
2839 2865 3153 2911 manuscr.
3201 2842 3333 2907 ital.

450 2973 510 3036 p.
553 2954 670 3016 186
697 2975 804 3038 sq;
850 2953 1215 3018 Bethmann
1262 2954 1327 3018 in
1370 2953 1611 3018 Archiv
1657 2953 1792 3018 XII
1824 2959 1976 3032 400;
2025 2953 2201 3019 Gott.
2236 2952 2471 3018 Naohr.
2527 2956 2687 3018 ¹903
2732 2974 2794 3038 p.
2838 2953 2954 3015 143
2975 2972 3069 3036 sq.

451 3213 490 3270 1
3060 3207 3250 3289 (590)

451 3312 891 3398 Gregorius
934 3317 969 3380 I
1033 3317 1318 3382 Maximo
1365 3318 1585 3383 abbati
1632 3327 1783 3384 etc.:
1841 3320 2090 3401 statuit,
2145 3322 2216 3381 ut
2259 3316 2416 3381 nulli
2462 3314 2681 3379 abbati
2727 3314 3009 3397 nullique
3058 3310 3138 3375 de
3185 3332 3334 3374 con-

450 3420 827 3500 gregatione
895 3420 1091 3485 liceat
1142 3421 1287 3486 loca
1331 3422 1432 3486 vel
1489 3422 1788 3507 praedia,
1858 3443 2024 3507 quae
2089 3427 2238 3486 ante
2305 3427 2433 3485 tres
2498 3440 2698 3483 annos
2749 3416 3140 3481 monasterio
3186 3434 3337 3478 oon-

452 3519 803 3604 donaverit‚
852 3522 1205 3589 distrahere
1251 3532 1365 3589 aut
1407 3525 1711 3590 alienare.
1758 3565 1841 3572 —
1887 3525 2338 3591 Conversionis
2381 3544 2589 3588 meae.

660 3658 854 3712 Imm.
880 3659 1053 3713 baruae
1085 3659 1329 3730 Gregorii
1350 3660 1443 3713 IX
1469 3678 1519 3715 a.
1541 3667 1675 3716 1240
1698 3678 1816 3714 nov.
1839 3669 1901 3714 15
1925 3661 2172 3715 Potthast
2198 3661 2321 3730 ΒΨ.
2344 3666 2538 3716 109633
2570 3659 2702 3728 Rey.
2719 3658 2833 3712 ναι.
2861 3663 2897 3711 t.
2923 3664 2990 3712 20
3010 3657 3052 3722 f.
3070 3658 3147 3710 31⁴
3174 3661 3336 3708 n.174

453 3743 547 3811 [=
593 3744 715 3812 Cop.
753 3763 791 3798 s.
823 3745 1014 3799 XVII
1045 3746 1222 3801 Roma
1258 3747 1418 3800 Arclae.
1458 3746 1574 3802 Vat.
1613 3749 1760 3802 Arm.
1790 3748 1925 3801 XII
1954 3765 1998 3802 c.
2025 3749 2093 3802 11
2126 3766 2182 3804 n.
2207 3756 2238 3803 5
2276 3771 2339 3793 =
2378 3747 2439 3801 E
2468 3747 2512 3813 f.
2536 3754 2638 3800 259
2673 3769 2737 3791 =
2778 3744 2830 3799 G
2862 3744 2907 3810 f.
2934 3752 2997 3799 10
3033 3766 3095 3788 =
3129 3741 3340 3794 Tabula

450 3845 585 3883 saec.
616 3829 775 3883 XVI
802 3831 865 3883 in
891 3833 1100 3900 pariete
1136 3832 1381 3887 ecclesiae
1416 3839 1543 3888 ante
1577 3835 1876 3888 oratorium
1906 3852 1948 3889 s.
1977 3835 2220 3904 SilviacJ.
2262 3865 2324 3873 —
2362 3832 2502 3887 Edd.
2530 3831 2813 3886 Mittarelti
2837 3831 2870 3884 1
2881 3829 2927 3885 V
2960 3835 3071 3884 353.
3124 3827 3339 3880 Gaealeui

453 3915 626 3970 Inscr.
665 3916 817 3972 Rom.
846 3918 956 3973 ΙΙΙ
978 3927 1079 3974 450
1113 3936 1168 3973 n.
1197 3926 1245 3974 2.
1307 3920 1524 3973 Marini
1561 3920 1702 3988 Pap.
1727 3919 1857 3989 dipl.
1868 3937 1928 3990 p.
1954 3927 1986 3975 2
2007 3938 2063 3975 n.
2088 3928 2135 3975 2.
2196 3920 2385 3975 Gonni
2410 3920 2571 3975 Mem.
2596 3936 2649 3988 p.
2670 3926 2750 3975 23.
2810 3917 2966 3972 Mon.
2996 3915 3170 3971 Germ.
3195 3914 3336 3983 ΕΜ).

452 4001 495 4054 1
513 4010 591 4056 14.
630 4032 695 4042 —
733 4003 888 4073 13099.
928 4005 981 4059 J
1015 4011 1128 4061 724.
1163 4005 1271 4060 JE.
1310 4013 1455 4062 1082.

830 4126 898 4181 cf.
927 4125 1119 4182 Vitam
1157 4128 1409 4200 Gregorii
1446 4131 1466 4185 l
1508 4128 1651 4198 (Lib.
1688 4128 1887 4200 pontif.
1925 4127 2009 4185 ed.
2036 4128 2326 4185 Duchesne
2364 4128 2388 4181 I
2425 4128 2551 4192 3123
2589 4126 2894 4181 Mommsen
2929 4143 2983 4195 p.
3013 4125 3150 4192 162).

452 4372 539 4450 †2
3063 4369 3250 4452 (592)

453 4474 885 4561 Gregorius
930 4476 963 4540 I
1007 4476 1094 4562 (a.
1129 4480 1166 4541 2
1214 4478 1311 4542 sui
1356 4478 1807 4566 praesulatus),
1874 4481 2147 4546 collecta
2192 4477 2611 4543 cardinalium
2659 4484 2726 4543 et
2770 4477 3215 4561 episcoporum
3261 4495 3338 4539 ac

454 4586 813 4646 ceterorum
868 4580 932 4646 S.
974 4581 1052 4646 R.
1095 4582 1170 4646 E.
1227 4582 1635 4648 multitudine
1689 4584 2096 4667 clericorum,
2165 4583 2507 4649 ecclesiam
2560 4633 2589 4649 ,.
2639 4632 2653 4646 .
2715 4586 3074 4663 consecrat,
3144 4601 3336 4664 quam

453 4685 648 4748 etiam
694 4685 987 4768 plurimis
1030 4685 1442 4772 indulgentiis
1488 4683 1816 4773 [plenarie]
1872 4685 2035 4751 ditat
2080 4693 2147 4750 et
2188 4686 2542 4771 privilegiis
2587 4686 2967 4769 praemunit.
3057 4684 3339 4768 Imponit

453 4786 884 4873 indulgentias
929 4791 1011 4853 20
1051 4809 1361 4854 annorum
1418 4796 1484 4855 et
1529 4795 1624 4854 tot
1669 4790 2226 4875 quadragenarum
2273 4795 2340 4855 et
2382 4811 2501 4875 per
2545 4795 2747 4853 totam
2793 4795 3086 4854 octavam
3132 4788 3336 4852 omni-

453 4890 573 4954 bus
615 4890 1068 4957 accedentibus
1112 4893 1264 4958 illuc
1308 4915 1459 4960 vere
1506 4895 1983 4979 poenitentibus
2028 4900 2096 4960 et
2139 4894 2466 4959 confessis.

658 5028 716 5083 D
718 5028 828 5182 129
815 5033 912 5084 54‘.
950 5059 1017 5070 -
1053 5029 1198 5086 Εάᾱ.
1244 5031 1436 5086 Gibelli
1474 5032 1633 5087 Mem.
1661 5048 1722 5101 p.
1751 5040 1779 5086 7
1811 5037 1923 5087 not.
1950 5041 2006 5100 1,·
2044 5047 2104 5100 p.
2127 5040 2185 5086 51
2228 5037 2335 5085 not.
2359 5039 2401 5084 1.
2480 5030 2671 5084 Carini
2706 5048 2762 5100 p.
2792 5037 2856 5084 17
2885 5034 2933 5083 ct
2959 5045 3018 5096 p.
3044 5036 3128 5084 20.
3201 5028 3338 5082 lozzi

448 5132 505 5183 p.
530 5123 576 5169 5.
617 5145 677 5153 —
830 5159 841 5170 .
869 5116 980 5171 JE.
1018 5145 1102 5172 —.

829 5237 1158 5308 Spurium.
