4065 6049
921 435 1069 490 Mon.
1106 453 1146 489 s.
1184 433 1398 489 Mariae
1434 433 1727 490 Corsarum
1766 464 1829 474 —
1864 434 2014 490 Mon.
2050 454 2093 490 s.
2119 433 2329 490 Mariae
2366 434 2425 490 in
2462 434 2753 506 Tempu10.
3157 441 3268 502 121

393 618 433 677 1
2875 611 3002 675 599
3045 610 3159 676 iul.

395 718 821 803 Gregorius
865 719 898 782 I
964 718 1214 781 Bonino
1275 714 1628 780 defensori:
1701 716 2050 799 praecipit,
2119 721 2191 779 ut
2244 715 2605 798 monachis,
2674 612 3281 800 quos(Fortuna)tus

394 822 594 887 abbas
641 846 808 887 mon.
845 846 892 886 s.
927 822 1227 886 Semctrii
1272 843 1388 906 pro
1435 820 1885 905 recolligendis
1925 821 2261 905 mancipiis
2304 822 2457 885 iuris
2500 822 2596 885 sui
2627 821 2997 886 monasterii
3044 820 3278 907 dirigit.

395 929 457 991 in
504 928 797 999 omnibus
842 947 1220 991 concurrere
1266 946 1342 990 ac
1389 926 1704 1010 opitulare
1751 925 2030 991 festinet.
2079 965 2163 971 —
2206 924 2408 989 Filius
2452 932 2669 990 noster
2712 925 3120 990 Fortunatus.

613 1039 738 1106 Rey.
779 1038 933 1107 Grey.
961 1038 1003 1091 I
1025 1037 1115 1091 zib.
1139 1037 1236 1090 IX
1268 1055 1343 1105 ep.
1384 1044 1495 1092 191.
1531 1066 1587 1077 -—
1635 1036 1782 1092 Edd.
1827 1036 1878 1091 S.
1923 1036 2166 1105 Greyorii
2203 1037 2284 1091 Μ.
2324 1035 2455 1105 Opp.
2493 1037 2573 1092 ed.
2612 1038 2800 1093 Maur.
2840 1037 2924 1093 zib.
2953 1037 3089 1092 XII
3112 1055 3168 1093 n.
3194 1045 3281 1095 36.

401 1126 589 1180 Mansi
627 1126 689 1179 X
713 1132 812 1181 333
845 1142 900 1179 n.
922 1134 1004 1181 40.
1061 1125 1248 1194 Miyne
1272 1123 1581 1178 LXXVII
1601 1130 1733 1178 1246
1766 1141 1821 1178 n.
1846 1130 1930 1179 36.
1981 1124 2136 1177 Mon.
2164 1122 2337 1179 Germ.
2362 1124 2506 1193 Epp.
2536 1121 2609 1177 II
2624 1132 2740 1181 180.
2778 1154 2843 1165 —
2881 1125 3035 1194 Rem.
3061 1125 3114 1181 J.
3137 1132 3280 1181 1469.

396 1214 512 1269 JE.
552 1221 689 1268 1718.
1246 1229 1270 1257 ⁰
2102 1242 2105 1245 ·

772 1299 830 1354 L.
867 1299 942 1353 M.
975 1299 1287 1354 Hartmann
1342 1298 1401 1353 in
1448 1297 1697 1354 editione
1749 1316 1851 1352 sua
1913 1298 2191 1353 editorum
2242 1297 2488 1368 priorum
2532 1298 2831 1355 lectionem
2882 1319 2951 1366 „s.
2994 1298 3271 1355 Severini‘

603 1386 802 1442 merito
835 1385 1089 1451 reicienS,
1142 1404 1214 1449 ¹,s.
1250 1383 1547 1440 Demetrii‘
1592 1384 1650 1439 in
1686 1386 1903 1439 textum
1937 1384 2169 1455 recepit,
2207 1384 2343 1441 licet
2389 1384 2608 1442 codices
2649 1386 2853 1458 optimi
2895 1407 2965 1452 ‚s.
2991 1386 3277 1443 Semetrii‘

602 1473 925 1544 praebeant.
1013 1472 1122 1527 Sed
1178 1470 1502 1527 monasterii
1556 1490 1597 1525 s.
1631 1470 1902 1527 Demetrii
1955 1470 2165 1527 Romae
2216 1472 2374 1527 nulla
2426 1472 2651 1529 omnino
2705 1473 2972 1529 memoria
3025 1473 3281 1528 habetur.

605 1561 791 1615 Teneo
827 1559 1020 1628 itaque
1055 1577 1204 1613 mon.
1239 1577 1281 1613 s.
1319 1557 1639 1629 Symmetrii
1688 1557 2119 1629 intelligendum
2163 1576 2298 1615 esse.
2369 1560 2524 1614 Idem
2572 1559 2912 1615 Fortunatus
2945 1564 3284 1617 memoratur

607 1646 664 1702 in
701 1644 956 1717 Gregorii
992 1645 1016 1699 1
1054 1644 1200 1700 Dial.
1239 1646 1279 1712 Ι,
1316 1647 1365 1701 4.
1396 1646 1461 1702 10
1496 1645 1673 1701 abbas
1709 1644 2037 1701 monasterii
2072 1663 2126 1715 q.
2163 1663 2294 1717 app.
2331 1645 2598 1703 balneum
2634 1646 2932 1703 Ciceronis.

396 1788 478 1851 *2
2835 1786 3196 1870 (847—55)

397 1896 550 1958 Leo
607 1892 703 1957 IV
775 1894 1213 1976 „monasterio
1275 1892 1648 1970 Col-sarum,
1715 1891 1887 1977 quod
1957 1892 2136 1956 iuxta
2198 1891 2462 1956 basilica
2529 1892 2591 1957 b.
2646 1890 2839 1978 Xysti
2904 1893 3094 1957 situm
3166 1897 3283 1973 est,

398 1997 571 2082 quod
617 1995 1014 2082 quorundam
1063 1995 1379 2060 malorum
1427 1995 1756 2059 hominum
1804 1994 2014 2060 fuerat
2060 1994 2361 2080 operibus
2405 1994 2764 2061 desolatum
2821 2003 2889 2061 et
2932 1995 3015 2060 ad
3061 2015 3283 2059 saecu-

397 2101 599 2165 larem
645 2100 1109 2165 habitationem
1157 2099 1556 2184 perductum,
1606 2149 1620 2163 .
1657 2149 1670 2163 .
1719 2100 2120 2164 restauravit.
2211 2099 2287 2163 In
2332 2121 2459 2185 quo
2506 2101 2704 2165 etiam
2748 2100 3121 2165 ancillarum
3160 2098 3285 2163 Dei

401 2206 965 2290 congregationem
1022 2205 1289 2268 munivit
1346 2203 1429 2268 ad
1483 2203 1977 2288 persolvendum
2022 2203 2167 2269 Deo
2224 2205 2648 2289 omnipotenti
2702 2203 2987 2290 quotidie
3040 2201 3285 2284 laudes,

399 2308 766 2374 muneribus
812 2309 1018 2391 auxit,
1084 2308 1320 2372 divitiis
1365 2309 1735 2393 perornavit
1778 2315 1846 2373 et
1888 2309 2105 2373 omnia
2149 2310 2345 2374 sacris
2402 2310 2765 2394 praeceptis
2826 2330 2992 2394 quae
3051 2306 3285 2373 exinde

399 2412 652 2477 fucrant
697 2410 913 2476 ablata
957 2419 1322 2477 restaurans
1366 2414 1623 2498 suisque
1669 2414 1904 2477 sanctis
1950 2413 2166 2500 digitis
2212 2413 2461 2498 plenius
2507 2412 2966 2479 confirmavit“.

603 2521 785 2576 Laud.
822 2522 884 2575 in
918 2522 1040 2576 Vita
1077 2522 1277 2577 Leonis
1302 2523 1390 2577 1V
1423 2523 1523 2589 (cd.
1549 2522 1832 2578 Duchcevw
1867 2523 1947 2576 II
1971 2530 2088 2591 1125
2126 2523 2196 2589 cf.
2224 2523 2299 2577 II
2315 2526 2456 2593 120).
2495 2553 2560 2562 —
2599 2524 2724 2594 1309.
2761 2523 2870 2579 JE.
2908 2553 2992 2579 -·.

396 2667 440 2723 3
2804 2662 2929 2725 905
2974 2661 3085 2727 iul.
3119 2666 3204 2726 17

400 2765 716 2852 Sergius
762 2766 865 2831 III
911 2766 973 2831 b.
1005 2768 1252 2834 Mariae
1282 2769 1511 2854 virgini
1557 2774 1625 2833 et
1660 2767 2063 2853 Euphemiae
2095 2788 2237 2832 ven.
2273 2766 2582 2833 diaconae
2628 2773 2695 2832 et
2737 2767 3101 2832 abbatissae
3133 2774 3284 2833 etc.:

399 2872 736 2936 confirmat
802 2871 1066 2936 fundum
1133 2872 1546 2938 Casaferrata
1614 2894 1758 2938 cum
1817 2873 1962 2937 suis
2029 2872 2430 2957 pertinentiis
2497 2872 2786 2957 aliasque
2851 2873 3288 2957 possessiones

400 2976 775 3041 nominatim
823 2975 1191 3042 illustratas.
1238 3017 1321 3024 —
1366 2977 1682 3044 Convenit
1725 2976 2080 3061 apostolico
2111 2975 2554 3042 moderamini.
2645 2976 2778 3043 Scr.
2811 2998 2873 3062 p.
2906 2999 2990 3042 m.
3022 2977 3288 3041 Antonii

405 3081 590 3145 scrin.
639 3080 704 3145 S.
737 3081 816 3146 R.
851 3081 962 3167 R,
1007 3104 1091 3146 m.
1140 3104 1316 3168 aug.‚
1364 3082 1492 3147 ind.
1527 3105 1607 3146 ss.
1643 3088 1701 3148 5.
1775 3082 1925 3147 Dat.
1969 3087 2042 3147 16
2087 3081 2217 3146 kal.
2266 3102 2413 3167 aug.
2460 3104 2522 3165 p.
2569 3103 2653 3145 m.
2701 3081 3012 3167 Stephani
3059 3083 3290 3147 arcarii

402 3207 450 3247 s.
499 3185 671 3249 sedis
717 3192 946 3270 apost,
1005 3209 1063 3250 a.
1110 3187 1253 3252 Deo
1316 3209 1496 3272 prop.
1529 3193 1707 3272 pont.
1744 3186 1804 3250 d.
1838 3186 2048 3272 Sergii
2094 3209 2175 3250 ss.
2208 3191 2383 3270 pont.
2418 3191 2485 3250 et
2526 3186 2695 3250 univ.
2727 3186 2834 3249 III
2878 3207 2986 3270 pp.
3018 3186 3084 3248 in
3129 3206 3288 3250 sacr.

402 3288 558 3355 sede
603 3289 663 3353 b.
698 3290 877 3355 Petri
924 3298 1128 3375 apost.
1164 3295 1222 3375 2,
1270 3292 1332 3355 in
1378 3313 1597 3356 mense
1646 3298 1713 3356 et
1757 3290 1884 3355 ind.
1919 3313 2001 3355 ss.
2036 3296 2094 3354 5.

606 3401 716 3472 [B]
755 3424 819 3446 =
857 3401 916 3454 E
945 3401 990 3467 f.
1015 3411 1059 3456 1.
1093 3433 1159 3440 —
1210 3401 1353 3456 Edd.
1397 3402 1640 3470 Tor-rimo
1684 3401 1938 3456 Historia
1973 3418 2035 3469 p.
2060 3407 2125 3455 36
2170 3417 2236 3455 ex
2271 3402 2336 3455 B.
2430 3401 2732 3455 Mat-tinelli
2783 3401 2968 3469 Imayo
3019 3398 3291 3454 vimiicata

401 3505 463 3555 p.
489 3496 559 3542 47
591 3504 658 3542 cx
692 3488 759 3543 B.
819 3487 1060 3557 Tomiqio
1095 3488 1356 3558 Apoloyia
1386 3506 1442 3556 p.
1469 3495 1563 3544 123
1595 3505 1660 3543 ea:
1685 3490 1754 3544 B.
1807 3491 1956 3543 Ann.
1982 3487 2100 3543 ord.
2128 3487 2323 3541 Praed.
2353 3487 2395 3540 I
2406 3488 2547 3555 App.
2566 3506 2625 3556 p.
2648 3495 2679 3542 5
2714 3505 2770 3541 n.
2799 3497 2824 3541 1
2857 3503 2924 3541 ex
2958 3487 3023 3539 B.
3076 3485 3293 3540 Marini

408 3575 550 3642 Pap.
587 3574 714 3641 dipl.
752 3591 805 3641 p.
827 3581 895 3628 30
929 3591 985 3629 n.
1011 3581 1076 3629 23
1108 3575 1201 3642 (cs.
1218 3591 1279 3643 p.
1306 3579 1434 3644 223)
1470 3591 1535 3630 ex
1560 3577 1629 3631 B.
1664 3604 1733 3615 —
1771 3575 1926 3645 Rcyy.
1955 3574 2177 3630 Guneus·
2213 3574 2325 3629 Del
2352 3574 2626 3643 primiccro
2651 3591 2710 3643 p.
2736 3582 2843 3629 117.
2912 3573 2968 3629 J.
2995 3572 3222 3627 GGGLI
3232 3571 3289 3626 V.

408 3661 524 3716 JL.
550 3665 587 3728 †
609 3667 765 3716 3536.

781 3755 902 3810 Etsi
939 3759 1106 3814 notae
1147 3757 1576 3829 chronologicae
1613 3761 1908 3828 corruptae
1945 3757 2077 3825 sint,
2113 3775 2221 3812 non
2260 3757 2523 3828 intelligo
2560 3775 2659 3812 cur
2692 3755 3050 3828 privilegium
3087 3756 3291 3811 falsum

610 3841 725 3899 dici
762 3845 955 3912 possit.

1122 4058 1637 4128 nonasterium
1685 4076 1743 4126 s.
1774 4058 2041 4126 Mariae
2086 4059 2161 4126 iu
2204 4058 2578 4144 Tempulo.

611 4191 931 4288 Torrigio
965 4216 1218 4274 Historia
1252 4219 1405 4274 della
1444 4237 1564 4275 ven.
1601 4217 1906 4289 immagine
1944 4217 2003 4272 di
2040 4216 2221 4274 Maria
2258 4216 2483 4289 vergine
2522 4217 2606 4285 (ln
2646 4216 2824 4271 Roma
2862 4214 3014 4280 1641)
3051 4231 3105 4284 p.
3130 4213 3291 4283 38sq.

405 4335 471 4343 —
507 4304 731 4360 Lubin
770 4324 822 4375 p.
849 4305 967 4360 346.
1006 4334 1066 4343 -
1106 4305 1467 4362 Armellini
1508 4309 1602 4377 ¹p.
1631 4306 1759 4371 3663
1801 4310 1897 4377 Ῥ.
1922 4305 2025 4360 518
2046 4324 2126 4375 sq.

621 4463 761 4527 Iam
805 4470 1198 4529 memoratur
1236 4485 1404 4529 saec.
1437 4463 1537 4528 IX
1588 4465 1653 4527 in
1694 4463 1848 4529 Vita
1893 4464 2133 4528 Leonis
2172 4462 2276 4526 III
2322 4461 2493 4548 (Lib.
2531 4461 2758 4546 pontif.
2808 4460 2908 4527 ed.
2949 4460 3293 4526 Duchesne

406 4568 473 4630 II
520 4567 663 4652 24),
727 4567 836 4632 ubi
891 4570 1133 4633 mentio
1191 4569 1264 4634 fit
1318 4569 1580 4633 oratorii
1638 4591 1686 4632 s.
1721 4567 2021 4654 Agathae
2080 4590 2141 4653 q.
2188 4588 2336 4652 pon.
2396 4568 2464 4631 in
2520 4567 2908 4631 monasterio
2973 4565 3290 4650 Tempuli.

407 4673 559 4737 Fuit
604 4674 1062 4738 monasterium
1106 4674 1466 4758 puellarum
1513 4673 1647 4738 ord.
1695 4696 1744 4736 s.
1771 4672 2134 4737 Benedicti.
2225 4671 2355 4737 Sed
2413 4693 2596 4755 „cum
2650 4670 2923 4735 ecclesia
2968 4692 3015 4733 s.
3048 4668 3293 4733 Mariae

409 4779 472 4841 in
531 4777 853 4861 Tempore
920 4799 1121 4863 usque
1181 4777 1347 4843 adeo
1402 4779 1467 4841 in
1522 4776 1956 4861 spiritualibus
2011 4784 2184 4842 esset
2242 4775 2527 4860 collapsa
2589 4780 2657 4841 et
2713 4776 2778 4838 in
2835 4772 3295 4859 temporalibus

409 4880 787 4966 diminuta“‚
843 4881 1169 4947 Honorius
1201 4882 1305 4945 III
1352 4903 1408 4945 a.
1448 4884 1603 4946 1221
1658 4881 1840 4965 april.
1874 4884 1956 4943 25
2015 4880 2328 4946 moniales
2384 4879 2467 4944 ad
2521 4879 2977 4944 monasterium
3023 4901 3073 4941 s.
3103 4877 3293 4962 Xysti

410 4984 491 5049 de
536 4985 714 5051 Urbe
763 4985 1085 5049 transtulit
1130 4984 1459 5069 (Potthast
1495 4985 1659 5069 Reg.
1695 4983 1911 5068 6631).
2002 4984 2143 5049 Iam
2190 5005 2356 5049 saec.
2388 4983 2560 5047 XIII
2604 4982 2995 5046 destructum
3042 4980 3179 5064 fuit,
3224 4986 3297 5044 ut

410 5094 660 5152 constat
704 5111 788 5154 ex
833 5089 1129 5173 catalogo
1161 5088 1561 5170 Taurinensi‚
1607 5087 1715 5151 ubi
1762 5088 2066 5173 legimus:
2121 5087 2451 5172 „Ecclesia
2496 5110 2544 5152 s.
2578 5087 2821 5151 Mariae
2867 5086 2931 5149 in
2972 5084 3293 5169 Tempore

408 5199 508 5258 est
553 5193 898 5279 destructa,
943 5214 1072 5258 non
1114 5192 1314 5258 habet
1356 5191 1797 5258 servitorem“.
