4065 6049
1366 456 1418 511 S.
1444 455 1728 511 Romanae
1766 455 2050 512 Ecclesiae
2089 456 2427 514 Cardinales.
3302 469 3338 526 5
3369 458 3374 463 ”

961 631 1023 698 S.
1058 632 1264 723 Marie
1310 633 1375 697 in
1419 632 1684 698 Porticu

963 738 1026 804 S.
1057 737 1360 803 Nicholai
1404 738 1471 803 in
1516 736 1791 804 Carcere

964 842 1026 909 S.
1059 842 1299 929 Angeli

961 948 1026 1013 S.
1057 945 1384 1013 Eustachii

962 1053 1026 1117 S.
1057 1052 1264 1117 Marie
1309 1052 1373 1115 in
1418 1050 1667 1138 Aquiro
1714 1048 2006 1139 [adquiro
2054 1051 2211 1142 coca]

961 1157 1026 1224 S.
1057 1158 1262 1225 Mario
1307 1159 1374 1223 in
1407 1157 1532 1222 Via
1574 1157 1709 1223 lata
1756 1155 1981 1243 [latina
2025 1157 2186 1245 cod]

959 1263 1024 1329 S.
1056 1263 1318 1351 Agathe
1362 1264 1428 1328 in
1472 1261 1659 1349 Equo
1706 1284 2068 1330 marmoreo

960 1366 1024 1433 S.
1056 1368 1258 1434 Lucie
1304 1369 1369 1432 in
1415 1368 1628 1453 capite
1676 1367 1924 1434 Subure
1973 1364 2193 1455 [caput
2237 1368 2484 1436 Subure
2530 1366 2685 1457 cod]

962 1470 1026 1536 S.
1060 1471 1321 1548 Quirici.

658 1680 962 1747 Ceterum
1008 1679 1428 1766 documenta,
1477 1702 1644 1767 quae
1691 1686 1987 1766 spectant
2030 1681 2114 1745 ad
2161 1682 2447 1768 singulos
2493 1683 2885 1765 cardinales,
2933 1684 2984 1746 si
3031 1682 3339 1768 episcopi,

441 1783 556 1849 sub
591 1802 813 1851 eorum
846 1784 1245 1871 episcopatu,
1291 1786 1345 1850 si
1374 1784 1734 1871 presbyteri
1780 1791 1894 1851 aut
1937 1784 2212 1867 diaconi,
2259 1785 2376 1851 sub
2411 1808 2632 1852 eorum
2679 1787 2864 1852 titulo
2905 1793 3017 1851 aut
3046 1784 3341 1852 diaconia
3375 1785 3379 1788 ’

440 1889 745 1954 invenies.
835 1888 991 1954 Pari
1036 1889 1228 1955 modo
1272 1889 1646 1976 pontificum
1694 1890 2038 1973 rescripta,
2099 1910 2266 1976 quae
2312 1889 2396 1955 ad
2442 1890 2803 1957 cardinales
2848 1891 3116 1956 alicuius
3157 1891 3338 1977 lega-

441 1993 633 2058 tionis
683 2013 952 2058 munere
1020 1999 1206 2058 extra
1249 1992 1498 2059 Urbem
1562 1995 1907 2079 {ungentes
1974 1993 2220 2060 directa
2275 1994 2566 2078 fuerunt,
2622 2016 2737 2060 suo
2795 1995 2940 2059 loco
2999 1994 3340 2061 referenda

440 2119 586 2164 esse
632 2097 987 2163 statuimus.
3344 2098 3348 2102 ’

659 2308 751 2372 At
792 2327 945 2372 vero
993 2305 1075 2371 de
1122 2327 1191 2371 re
1237 2324 1564 2392 perpauca
1595 2303 1925 2370 habemus.
2004 2303 2285 2370 Notitias
2331 2306 2500 2370 enim
2547 2309 2925 2393 antiquioris
2969 2308 3134 2392 aevi,
3181 2329 3341 2393 quas

440 2410 715 2494 praebet
744 2408 941 2476 Liber
971 2409 1375 2495 pontificalis,
1419 2410 1548 2474 iam
1582 2430 1775 2494 supra
1806 2410 2157 2495 attigimus.
2233 2409 2640 2475 Documenta
2668 2412 2977 2477 nonnulla
3007 2413 3338 2478 inveniun-

440 2522 541 2579 tur
589 2516 653 2580 in
698 2513 921 2580 codice
969 2513 1250 2599 quodam
1294 2512 1752 2599 vallicellano,
1811 2515 1875 2578 in
1922 2510 2145 2600 quem,
2205 2520 2369 2579 teste
2413 2513 2725 2600 Baronio,
2787 2538 2869 2580 ex
2933 2516 3060 2581 alio
3115 2516 3337 2582 codice

437 2619 779 2701 Vaticano,
826 2617 1063 2685 frustra
1107 2640 1147 2684 a
1190 2617 1376 2684 nobis
1422 2619 1737 2703 quaesito,
1786 2620 2171 2703 transcripta
2215 2625 2380 2684 sunt.

648 2772 709 2828 D
751 2795 817 2822 ει
855 2771 1127 2829 collectio
1170 2771 1506 2842 synodorum
1550 2776 1610 2829 et
1654 2770 2022 2845 epistolarum
2069 2790 2407 2830 summorum
2452 2773 2807 2845 pontificum,
2853 2774 3245 2848 episcoporum
3281 2778 3340 2832 et

856 2857 1109 2927 aliorum,
1147 2877 1190 2915 s.
1218 2857 1366 2925 XVI,
1402 2858 1581 2915 Roma
1615 2857 1761 2914 Bibl.
1791 2858 2072 2916 Vallicell.
2099 2859 2142 2914 C
2164 2860 2257 2923 24;
2295 2860 2363 2916 cf.
2405 2860 2675 2932 Pflugkn.
2711 2860 2828 2918 Iter
2863 2879 2918 2932 p.
2946 2863 3061 2920 105.

436 3061 473 3118 1
2224 3125 2230 3132 ‚
2615 3054 2823 3121 Roma
2868 3055 2998 3120 502
3040 3077 3178 3122 nov.
3213 3061 3253 3119 6

434 3158 932 3244 Symmachus
986 3159 1049 3222 in
1104 3157 1351 3241 synodo
1408 3157 1762 3240 constituit,
1822 3165 1893 3223 ut
1952 3179 2070 3243 per
2132 3180 2355 3223 omnes
2396 3157 2735 3225 Romanae
2790 3160 3066 3226 civitatis
3119 3160 3339 3226 titulos

435 3265 546 3349 qui
580 3271 727 3329 sunt
763 3261 1147 3349 presbyteri,
1178 3261 1283 3327 vel
1314 3261 1702 3347 quicumque
1735 3261 1990 3345 fuerint,
2037 3262 2280 3327 astricti
2325 3262 2453 3327 sint
2481 3261 2629 3348 lege
2659 3263 2969 3342 custodis3
3017 3265 3128 3350 qui
3158 3266 3336 3351 quic-

436 3390 634 3455 quam
680 3367 761 3432 de
808 3368 945 3432 iure
979 3366 1311 3433 titulorum
1342 3364 1445 3431 vel
1491 3365 1805 3431 ecclesiae
1835 3365 2171 3432 Romanae
2219 3364 2511 3453 quolibet
2555 3367 2749 3432 modo
2786 3375 3047 3453 praeter
3090 3389 3335 3452 aurum,

435 3480 777 3558 argentum
822 3472 925 3538 vel
969 3492 1296 3557 gemmas,
1349 3475 1565 3535 vestes
1609 3490 1895 3556 quoque,
1953 3471 2211 3557 aliaque
2258 3468 2523 3535 mobilia
2568 3470 2651 3537 ad
2699 3476 3077 3537 ornamenta
3121 3471 3337 3537 divina

436 3579 704 3644 minime
748 3577 1137 3662 pertinentia
1182 3579 1498 3661 perpetuo
1543 3574 1704 3657 iure,
1751 3576 2043 3661 exceptis
2087 3574 2426 3641 dumtaxat
2470 3575 2588 3641 sub
2633 3575 2930 3662 praefata
2959 3574 3334 3641 condicione

439 3682 764 3765 domibus,
841 3683 1125 3748 alienare
1195 3679 1634 3765 temptaverit,
1691 3674 1992 3762 donator,
2062 3680 2378 3746 alienator
2431 3701 2507 3745 ac
2567 3680 2865 3746 venditor
2922 3680 3185 3745 honoris
3238 3681 3336 3744 sui

438 3787 783 3852 amissione
827 3786 1154 3851 multetur.

644 3905 784 3960 Aac:
817 3904 1013 3975 synodi
1045 3903 1214 3958 huius
1247 3901 1362 3958 edd.
1389 3902 1582 3956 Manat*
1619 3901 1770 3956 VIII
1796 3909 1917 3957 265.
1980 3902 2170 3973 Mimas
2203 3902 2397 3958 LXII
2425 3910 2500 3960 72.
2579 3902 2733 3959 Tm
2765 3903 2908 3974 Epp.
2937 3905 2977 3959 I
2993 3910 3107 3960 682.
3179 3901 3335 3960 Mon.

440 3992 621 4048 Germ.
658 3992 819 4047 Auct.
856 3990 1024 4059 antiq,
1053 3989 1186 4045 XII
1200 3995 1301 4045 438
1322 4005 1397 4058 sq.
1434 4016 1501 4030 -
1540 3988 1702 4060 Reqq.
1739 3988 1794 4045 J.
1822 4006 1884 4060 p.
1909 3995 1987 4046 63.
2036 3989 2149 4046 JK.
2178 3990 2218 4044 I
2235 4006 2292 4060 p.
2325 3996 2405 4047 98.

446 4171 481 4206 ο)

435 4207 661 4337 {elix
708 4271 803 4337 IV
850 4271 1190 4357 episcopis,
1234 4268 1649 4354 presbyteris,
1697 4269 1984 4335 diaconis
2017 4271 2117 4335 vel
2162 4276 2392 4335 cuncto
2424 4270 2621 4355 clero,
2667 4165 3033 4336 991194153εῇ
3061 4166 3333 4355 mido:

439 4374 755 4459 declarat,
809 4375 932 4440 hoc
989 4374 1110 4440 sibi
1154 4376 1479 4463 aspirante
1524 4377 1670 4443 Deo
1727 4400 1869 4443 esse
1916 4384 2380 4465 conpunctum,
2438 4385 2509 4443 ut
2562 4385 2709 4466 post
2753 4399 2937 4444 suum
2983 4376 3335 4444 discessum

438 4479 801 4546 Bonifatius
856 4480 1370 4566 archidiaconus,
1440 4482 1851 4568 episcopatus
1907 4482 2150 4549 honore
2210 4489 2539 4568 suscepto,
2601 4481 2963 4548 Romanam
3019 4481 3337 4568 gubernet

439 4584 799 4650 ecclesiam.
848 4619 931 4630 -—-
975 4583 1078 4649 De
1126 4585 1342 4672 quiete
1388 4593 1622 4653 vestra.

647 4702 851 4758 Exstat
893 4720 955 4756 m
996 4702 1173 4759 codice
1211 4704 1405 4760 XXX
1434 4713 1499 4762 66
1538 4723 1580 4762 s.
1621 4706 1682 4760 X
1725 4705 1950 4761 Nowra
1994 4706 2134 4762 Bibl.
2169 4706 2588 4776 capitolarcoe-
2631 4707 2783 4762 Edd.
2808 4707 3004 4762 Amelli
3046 4706 3109 4760 in
3142 4707 3338 4762 Scuola

440 4788 690 4844 cattoliea
725 4787 786 4842 ds·
810 4789 1030 4844 Milano
1067 4789 1237 4845 XXI
1261 4792 1451 4861 (1883)
1486 4790 2150 4858 fasa122=Duchesne
2181 4792 2244 4845 in
2281 4791 2553 4862 Melam
2576 4792 2690 4848 III
2709 4800 2813 4849 246
2847 4799 2898 4848 et
2933 4793 3053 4849 Lib.
3071 4792 3280 4863 pontif.
3308 4792 3348 4846 I

581 4874 915 4931 =·Ewa1‹1
891 4893 954 4929 m
976 4875 1053 4931 N.
1073 4875 1271 4932 Archiv
1297 4877 1357 4932 X
1380 4883 1491 4934 413.
1552 4878 1896 4934 Mommsen
1873 4896 1937 4932 m
1956 4879 2028 4933 N.
2050 4878 2255 4934 Archiv
2285 4879 2382 4933 X]
2403 4885 2589 4934 367==
2614 4879 2822 4935 Holder
2844 4879 2956 4935 Die
2977 4879 3337 4950 Desmation

440 4961 533 5016 der
568 4961 893 5033 Ναειιῐοιρα
926 4961 1215 5019 durande
1248 4962 1442 5034 Papae
1474 4963 1768 5037 (Ενωὸανρ
1801 4965 2397 5037 i.Sd=w.1892)p.29
2429 4972 2540 5022 not.
2567 4974 2617 5023 4.
2653 4997 2719 5007 -
2759 4965 2892 5037 1309.
2926 4964 3050 5022 JK.
3073 4971 3245 5021 swa.
3317 4955 3322 4958 ’

850 5066 933 5122 De
970 5065 1087 5122 cod.
1114 5067 1183 5124 cf.
1208 5067 1465 5125 Maassen
1490 5066 1849 5126 Bibliotheca
1872 5066 2010 5124 iuris
2037 5066 2293 5124 canonici
2331 5069 2389 5124 in
2412 5067 2645 5127 Wiener
2664 5066 3180 5141 Sitzungsberichte
3205 5067 3332 5152 LIII

648 5152 828 5223 (1866)
864 5154 968 5211 389
1009 5157 1070 5211 et
1117 5153 1323 5211 Amelli
1369 5155 1423 5210 S.
1460 5154 1642 5211 Leone
1684 5173 1715 5212 e
1760 5154 2031 5211 l’Oriente
2079 5155 2283 5222 (Roma
2321 5156 2494 5222 1882).
2533 5154 2677 5242 ,ΒΞ
2703 5155 2905 5240 ¹⁶-⁰f;.
2923 5155 3228 5211 Mommsen
3274 5152 3331 5208 in

647 5239 716 5295 N.
748 5239 948 5296 Archiv
988 5239 1037 5296 Χ
1063 5240 1163 5298 581
1191 5259 1271 5312 sq.
1343 5241 1555 5299 Holder
1592 5242 1628 5299 l.
1664 5261 1707 5298 c.
1746 5262 1800 5316 p.
1827 5243 1896 5298 29
1931 5244 1991 5299 et
2027 5242 2084 5299 in
2124 5241 2329 5299 Archiv
2370 5244 2459 5298 fur
2494 5240 2652 5298 kath.
2681 5240 3088 5299 Kirchenrecht
3123 5238 3331 5294 bxxn
