4065 6049
782 529 864 594 52
2129 522 2322 582 Roma.

778 703 952 768 card.
1001 725 1083 768 ss.
1129 702 1340 789 Sergii
1385 709 1452 768 et
1494 702 1698 768 Bachi
1753 708 1821 768 et
1878 704 2073 768 totius
2130 703 2374 783 curiae,
2415 702 2721 768 Nicolans
2763 700 2966 767 abbas
3009 723 3180 767 mon.
3226 724 3276 766 s.
3319 702 3562 768 Mariae
3606 703 3666 767 in

779 806 1248 893 Oriptaferrata
1307 806 1483 871 locat
1531 806 1788 871 Ubaldo
1849 806 2062 892 presb.
2109 806 2281 871 card.
2331 808 2424 872 tit.
2471 829 2521 872 s.
2565 805 2884 872 Praxedis
2944 812 3145 871 totam
3203 813 3455 891 partem
3514 808 3665 872 teni·

778 912 978 975 menti
1026 910 1109 976 de
1153 933 1203 976 s.
1244 911 1496 995 Primo,
1554 911 1870 995 recipiens
1915 918 2178 976 econtra
2226 913 2306 976 30
2355 909 2550 975 libras
2594 909 3082 994 affortiatorum,
3129 931 3290 995 quas
3335 910 3448 975 dat
3489 910 3660 974 Ana-

778 1016 974 1080 stasio
1020 1036 1127 1100 pp.
1174 1036 1292 1100 pro
1339 1014 1657 1081 locatione
1706 1014 2025 1081 Tiberiae.

1156 1146 1205 1182 v.
1244 1128 1498 1183 chartam
1540 1127 1615 1183 ab
1659 1128 1881 1183 Andrea
1930 1127 2093 1183 scrin.
2140 1128 2194 1183 S.
2231 1126 2296 1182 R.
2330 1127 2390 1182 E.
2428 1125 2826 1197 conscriptam.
2877 1144 3047 1197 quam
3094 1126 3217 1181 edd.
3272 1126 3511 1182 Galletti
3561 1126 3657 1180 Del

984 1214 1278 1284 primicero
1315 1233 1370 1284 p.
1403 1215 1507 1271 310
1550 1233 1604 1270 n.
1639 1215 1708 1270 59
1743 1219 1802 1271 et
1839 1214 2043 1271 Fedele
2078 1233 2131 1270 n.
2158 1215 2226 1269 26
2272 1216 2361 1283 (ex
2414 1214 2565 1270 arch.
2601 1234 2644 1270 8.
2678 1214 2983 1282 Praxedis).
3033 1244 3100 1254 —
3154 1213 3290 1283 Reg.
3328 1213 3657 1269 Tomassetti

983 1302 1043 1356 in
1086 1302 1252 1358 Arch.
1290 1303 1441 1358 della
1476 1303 1594 1358 Soc.
1636 1303 1790 1359 Rom.
1829 1302 1959 1357 VIII
1985 1304 2092 1359 490
2126 1304 2288 1358 n.16.
2324 1301 2421 1359 JL.
2460 1333 2542 1358 -.

776 1477 902 1540 *10
1994 1500 2002 1508 ·
3211 1478 3550 1540 1153-54

775 1582 1243 1647 Anastasius
1286 1582 1383 1647 IV
1427 1556 1770 1648 confirmat
1805 1584 2274 1649 restitutionem
2320 1581 2557 1648 factam
2604 1604 2644 1646 a
2688 1581 3017 1647 Gelestino
3064 1581 3132 1644 Π
3177 1478 3271 1661 ἕνα.
3301 1584 3363 1646 4.
3397 1581 3457 1650 5.
3488 1483 3580 1665 8)).

984 1701 1163 1757 Laud.
1201 1703 1266 1756 in
1297 1719 1352 1757 n.
1382 1711 1458 1758 14.
1495 1735 1564 1745 -
1603 1703 1727 1773 1³09.
1751 1702 1861 1758 JL.
1899 1735 1981 1758 -.

646 1911 653 1917 ·
774 1892 898 1956 *11
3178 1892 3580 1975 (1153—54)

776 1997 1236 2062 Anastasius
1266 1998 1362 2065 IV
1408 1999 1749 2063 committit
1778 1997 2081 2062 fratribus
2125 2019 2175 2061 s.
2206 1996 2453 2063 Mariae
2484 1996 2566 2062 de
2596 1996 2827 2062 Rheno
2871 1996 3203 2062 basilicam
3247 2018 3297 2061 s.
3329 1996 3654 2061 Praxedis.

981 2116 1162 2173 Laud.
1196 2118 1261 2170 iu
1295 2118 1454 2172 bullis
1491 2117 1797 2172 Διωαπᾱη·
1832 2117 1941 2172 ΙΙΙ
1965 2117 2073 2172 JL.
2111 2124 2276 2172 13012
2307 2123 2356 2171 et
2395 2116 2646 2172 Celestini
2682 2117 2786 2171 111
2819 2134 2877 2173 n.
2904 2124 2977 2172 16.
3015 2147 3085 2158 -
3122 2116 3249 2187 Ray.
3284 2116 3396 2173 JL.
3434 2149 3517 2172 —.

1157 2231 1210 2268 v.
1245 2212 1518 2285 Bologna,
1555 2213 1704 2270 Eccl.
1739 2232 1782 2268 s.
1807 2212 2020 2269 Mariae
2057 2213 2126 2269 de
2162 2213 2373 2269 Rheno,

774 2402 899 2466 *12
3252 2405 3460 2466 159-

773 2507 1076 2572 Alexan
1095 2507 1229 2573 der
1273 2508 1378 2572 III
1426 2509 1760 2574 confirmat
1795 2484 2264 2574 restitutionem
2297 2509 2533 2574 factam
2580 2530 2619 2573 a
2650 2507 2977 2574 Celestino
3009 2506 3081 2570 H
3124 2406 3311 2591 (7514.
3345 2507 3406 2571 5.
3438 2405 3657 2584 (98.110).

979 2617 1164 2673 laud.
1201 2619 1262 2673 in
1297 2635 1353 2675 n.
1381 2628 1458 2675 14.
1504 2651 1566 2660 -
1606 2620 1732 2690 Ray.
1769 2619 1879 2675 JL.
1921 2650 1998 2673 -.

773 2809 900 2872 *13
3292 2811 3327 2848 r
3374 2850 3451 2858 -
3520 2804 3523 2813 ’

772 2911 1229 2978 Alexander
1272 2912 1377 2977 III
1423 2914 1756 2980 confirmat
1798 2913 2252 2980 refutationem
2297 2914 2379 2979 de
2411 2914 2684 2980 ecclesia
2714 2935 2764 2978 s.
2794 2913 2998 2979 Primi
3030 2810 3397 2979 factggdjb
3427 2812 3655 2979 azbiite

772 3015 1319 3102 Oriptaeferratae
1364 3018 1458 3101 (n.
1492 3018 1562 3101 9)
1608 3024 1674 3083 et
1719 3039 1909 3082 omne
1953 3018 2053 3082 ius
2096 3039 2211 3082 seu
2242 3017 2528 3092 actiones
2570 3039 2685 3083 seu
2716 3016 3144 3102 defensiones,
3177 3039 3345 3103 quae
3376 3018 3443 3082 in
3471 3017 3656 3084 rebus

771 3143 886 3186 seu
932 3121 1440 3206 possessionibus
1485 3122 1567 3187 ad
1615 3122 1937 3207 agendum
1984 3120 2296 3187 ecclesiae
2342 3144 2392 3185 s.
2423 3121 2743 3186 Praxedis
2788 3120 3081 3187 conlatae
3126 3128 3291 3185 sunt.

975 3240 1157 3297 Laud.
1195 3242 1257 3296 in
1291 3249 1452 3299 n.14.
1488 3271 1555 3281 —
1596 3241 1724 3312 Βῳ.
1759 3241 1870 3297 JL.
1907 3273 1989 3296 -.

770 3434 853 3496 14
2806 3430 3048 3498 Verona
3096 3433 3268 3495 1186
3308 3431 3442 3496 ian.
3487 3432 3575 3495 27

767 3536 1124 3602 Urbanus
1175 3536 1280 3601 ΠΙ
1348 3534 1682 3602 Gualterio
1741 3537 1939 3622 priori
1996 3544 2064 3602 et
2127 3536 2430 3602 fratribus
2486 3559 2536 3600 s.
2575 3536 2894 3602 Praxedis
2954 3544 3106 3602 etc.:
3175 3534 3259 3600 ad
3325 3533 3656 3620 exemplar

765 3640 1335 3728 praedecessorum
1383 3662 1641 3706 suorum
1689 3641 2027 3706 ecclesiam
2074 3662 2123 3704 s.
2156 3640 2472 3706 Praxedis
2516 3639 2633 3705 sub
2679 3648 2884 3726 apost.
2928 3640 3328 3726 protectione
3373 3639 3652 3724 suscipit,

769 3744 1106 3810 confirmat
1149 3745 1439 3829 regulam
1486 3743 1548 3809 b.
1593 3744 1935 3829 Augustini
1989 3750 2058 3809 et
2112 3745 2549 3828 possessiones
2601 3743 2879 3829 propriis
2922 3742 3251 3808 vocabulis
3295 3763 3652 3828 expressas.

766 3885 850 3895 —-
897 3846 1080 3935 [Piae
1126 3844 1517 3935 postulatio].
1593 3847 1735 3932 Ego
1764 3847 2063 3913 Urbanus
2094 3855 2214 3912 etc.
2305 3846 2558 3913 Subscr.
2594 3853 2671 3912 15
2720 3847 2891 3912 card.
2937 3847 3088 3913 Dat.
3120 3848 3420 3913 Veronae
3467 3870 3531 3932 p.
3572 3869 3651 3911 m.

767 3950 1152 4017 Trasmundi
1197 3951 1261 4017 S.
1292 3952 1371 4017 R.
1405 3951 1481 4016 E.
1528 3957 1681 4037 not„
1729 3955 1768 4015 6
1801 3951 1930 4017 kal.
1960 3949 2111 4036 feb„
2156 3950 2285 4015 ind.
2333 3957 2394 4035 4,
2440 3952 2562 4016 inc.
2597 3950 2658 4016 d.
2687 3971 2745 4016 a.
2784 3955 2970 4036 1185,
3015 3958 3192 4037 pont.
3225 3972 3283 4017 v.
3318 3950 3378 4017 d.
3412 3950 3653 4016 Urbani

766 4077 878 4140 pp.
910 4054 1015 4119 III
1060 4077 1118 4121 a.
1158 4061 1212 4121 1.

973 4166 1069 4222 13¹.
1106 4196 1173 4206 —
1209 4165 1352 4222 Edd.
1398 4166 1541 4223 acet.
1579 4165 1782 4223 Nadir.
1819 4172 1955 4222 1898
1991 4182 2053 4235 p.
2086 4172 2190 4222 389
2230 4183 2286 4221 n.
2318 4173 2376 4221 17
2422 4170 2470 4221 et
2524 4173 2656 4222 1903
2689 4184 2749 4236 p.
2786 4172 2889 4222 678
2939 4183 2996 4222 n.
3036 4173 3098 4221 21
3140 4182 3207 4222 eat
3244 4167 3319 4221 3¹
3357 4190 3425 4213 =
3462 4164 3654 4222 Fedele

764 4259 922 4307 nAO.
950 4282 1015 4292 —
1054 4252 1178 4322 Ray.
1203 4252 1315 4308 JL.
1344 4284 1424 4308 -.

763 4442 887 4506 *15
1569 4475 1572 4478 ‡
3171 4444 3568 4528 (1195—96)

764 4548 1034 4614 Oelest
1053 4548 1220 4613 inus
1251 4549 1356 4612 III
1388 4549 1584 4633 priori
1617 4554 1683 4613 et
1713 4547 2014 4613 fratribus
2046 4571 2094 4612 s.
2124 4547 2369 4612 Mariae
2403 4547 2483 4613 de
2514 4547 2780 4614 Rheno:
2830 4555 3214 4628 commonet,
3246 4555 3318 4613 ut
3346 4547 3652 4613 accedant

766 4651 850 4716 ad
896 4654 1327 4736 praesentiam
1360 4674 1562 4737 suam,
1595 4652 1676 4716 (16
1711 4658 2001 4717 extrema
2034 4653 2468 4718 exinanitione
2501 4654 2813 4718 ecclesiae
2845 4675 2895 4718 s.
2922 4652 3239 4717 Praxedis
3269 4652 3649 4737 responsuri.

971 4771 1157 4829 Laud.
1194 4775 1259 4827 in
1291 4791 1348 4830 n.
1378 4781 1451 4828 16.
1489 4804 1554 4813 —
1591 4773 1722 4843 Ray.
1759 4772 1867 4827 JL.
1905 4802 1988 4829 —.

764 4966 849 5026 16
2751 4962 3075 5029 Laterano
3120 4964 3293 5029 1197
3332 4963 3454 5043 seb.
3483 4962 3571 5027 28

762 5067 1229 5133 Celestinus
1269 5065 1374 5130 III
1420 5065 1674 5131 Sifredo
1722 5068 1817 5131 tit.
1864 5089 1912 5131 s.
1952 5065 2270 5132 Praxedis
2314 5066 2525 5150 presb.
2575 5067 2782 5133 card.:
2848 5068 3189 5134 ecclesiam
3233 5090 3283 5131 s.
3315 5066 3649 5149 Praxedis,

764 5171 1206 5237 deficientibus
1251 5170 1554 5235 fratribus
1610 5193 1659 5234 s.
1704 5172 1951 5236 Mariae
1998 5169 2080 5234 de
2123 5170 2386 5254 Rheno,
2450 5193 2719 5257 quorum
2781 5194 2970 5239 curae
3028 5173 3111 5238 ab
3167 5172 3514 5237 Anastasio
3560 5170 3651 5235 IV

763 5277 1105 5340 commissa
1150 5276 1271 5340 fuit
1313 5275 1409 5359 (n.
1443 5278 1576 5359 11),
1623 5281 1755 5339 tam
1801 5276 1865 5338 in
1910 5272 2346 5358 spiritualibus
2391 5296 2586 5360 quam
2630 5277 2697 5340 in
2742 5277 3204 5364 temporalibus
3235 5297 3497 5362 prorsus
3539 5296 3649 5341 ex-
