4065 6049
638 462 722 523 70
1297 504 1303 532 :
1993 457 2189 513 Roma.

1606 775 2119 846 nonasterium
2169 794 2228 845 s.
2275 776 2555 844 Basilii.

845 931 1191 988 Panciroli
1233 936 1331 1005 ¹p.
1357 935 1476 990 238.
1515 965 1578 975 -
1616 933 2012 992 Martinelli
2051 953 2104 1005 p.
2132 936 2217 992 79.
2255 965 2309 976 -
2336 935 2552 991 Lubin
2589 953 2643 1005 p.
2669 935 2788 993 330.
2816 963 2875 974 -
2906 932 3227 990 Adinolfi
3264 935 3428 992 1159.
3464 965 3531 975 —

635 1018 1006 1073 Armellini
1050 1022 1066 1053 ¹
1104 1039 1158 1091 p.
1189 1020 1311 1086 151;
1352 1023 1374 1054 ¹
1400 1040 1458 1092 p.
1486 1023 1601 1078 146.

851 1176 1145 1243 Ecclesia
1199 1180 1674 1266 antiquissima,
1743 1203 1945 1267 prope
2013 1181 2224 1246 forum
2289 1179 2581 1266 Nervae,
2650 1185 3053 1265 nuncupatur
3124 1180 3531 1265 „venerabile

636 1282 1093 1347 monasterium
1146 1304 1195 1347 s.
1243 1283 1468 1348 Basilii
1514 1284 1705 1349 situm
1751 1286 1817 1349 in
1862 1285 2055 1351 Scala
2098 1285 2533 1350 mortuorum“
2582 1285 2649 1349 in
2678 1284 2948 1370 Agapiti
2989 1282 3061 1348 II
3106 1284 3285 1351 bulla
3313 1307 3371 1350 a.
3407 1290 3530 1350 955

636 1392 822 1450 mart.
856 1389 937 1450 25
999 1407 1114 1471 pro
1173 1408 1342 1452 mon.
1407 1410 1458 1454 s.
1515 1387 1806 1453 Silvestri
1860 1392 1923 1454 in
1980 1390 2212 1475 Capite
2272 1388 2420 1475 (JL.
2484 1388 2704 1472 3669).
2809 1388 2961 1454 Fuit
3011 1411 3207 1454 unum
3262 1411 3345 1454 ex
3404 1389 3534 1454 XX

637 1492 1042 1555 monasteriis
1073 1492 1495 1576 privilegiatis
1541 1492 1622 1557 de
1653 1493 1861 1571 Urbe;
1908 1515 2076 1559 nunc
2107 1516 2259 1559 vero
2292 1493 2573 1558 dirutum
2620 1499 2737 1559 est.
2805 1493 3156 1558 Libertatis
3195 1493 3530 1578 privilegio

637 1596 1096 1661 monasterium
1154 1596 1447 1681 gavisum
1506 1616 1647 1660 esse
1694 1595 2032 1663 deducitur
2077 1620 2161 1664 ex
2205 1597 2426 1664 Cencii
2471 1597 2669 1664 Libro
2717 1619 3022 1662 censuum
3068 1595 3133 1661 S.
3165 1595 3244 1662 R.
3276 1595 3351 1661 E.
3400 1596 3529 1683 (ed.

637 1696 1247 1765 Fabre-Duchesne
1293 1701 1328 1764 Ι
1362 1699 1462 1786 7):

945 1819 1276 1904 „Ecclesia
1321 1822 1524 1886 sancti
1567 1821 1793 1886 Basilii
1838 1821 1906 1885 H
1929 1831 1980 1862 ⁸⁸
2025 1842 2282 1886 saumas
2335 1823 2642 1907 piscium;
2697 1845 2826 1889 una
2877 1823 2940 1887 in
2989 1821 3533 1908 quadragesimali

727 1930 1041 2010 tempore,
1088 1932 1156 1991 et
1199 1926 1328 1991 alia
1373 1927 1439 1990 in
1484 1925 1774 2012 quolibet
1818 1925 1949 1992 alio
1997 1927 2349 2012 tempore.“

1535 2260 1857 2329 Ecclesia
1899 2259 2055 2328 XII
2102 2256 2647 2344 Apostolorum.

1859 2382 1972 2452 (ss.
2011 2380 2309 2453 Apostoli.)

849 2519 1117 2589 Ugonio
1154 2521 1189 2574 f.
1221 2522 1287 2576 78
1310 2539 1391 2590 sq.
1446 2549 1514 2560 —
1573 2517 1944 2575 Panciroli
1986 2522 2004 2554 ²
2031 2537 2085 2590 p.
2112 2521 2345 2588 225sq.;
2387 2521 2486 2590 ἰ).
2512 2519 2617 2575 346
2640 2537 2722 2588 sq.
2778 2548 2841 2560 -
2896 2518 3232 2590 Torrigio
3270 2519 3346 2575 Le
3383 2536 3536 2573 sacre

639 2609 829 2676 grotte
866 2605 1143 2662 Vaticane
1180 2611 1218 2642 ¹·
1245 2610 1268 2641 ⁸
1296 2626 1351 2677 p.
1376 2607 1568 2677 311sq.
1625 2635 1691 2647 --
1742 2605 2149 2663 Max-tinelli
2185 2607 2420 2677 p.648q.
2460 2636 2526 2645 —
2560 2606 2625 2661 B.
2664 2605 3009 2662 Malvasia
3045 2605 3387 2677 Compendio
3424 2607 3536 2660 sto-

641 2693 757 2748 rico
786 2694 936 2749 della
961 2692 1198 2748 basilica
1222 2693 1314 2749 dei
1338 2693 1428 2748 SS.
1449 2693 1556 2747 XII
1575 2693 1833 2764 Apostoli
1859 2693 2253 2761 (Roma1665).
2291 2722 2354 2733 —
2393 2692 2746 2764 Ciampini
2770 2693 2853 2750 De
2876 2696 3049 2750 sacris
3063 2693 3231 2750 aedis.
3257 2712 3311 2764 p.
3334 2692 3432 2748 137
3457 2712 3537 2763 sq.

642 2812 708 2820 —
744 2780 995 2836 Piazza
1031 2799 1085 2850 p.
1109 2782 1214 2837 468
1236 2798 1318 2849 δᾳ.
1354 2809 1423 2820 -
1459 2779 1692 2850 Nibby
1731 2781 1884 2837 1108
1907 2799 1989 2850 sq.
2024 2812 2093 2821 —
2129 2780 2454 2836 Forcella
2489 2781 2544 2835 11
2578 2782 2679 2836 221
2701 2798 2781 2850 sq.
2822 2813 2887 2821 —
2924 2781 3248 2837 Adinolfi
3285 2781 3337 2836 11
3366 2780 3432 2836 16
3455 2799 3537 2850 sq.

642 2898 708 2907 --
742 2869 806 2922 A.
837 2868 1114 2923 Bonelli
1150 2867 1415 2924 Memorie
1450 2867 1695 2923 storiche
1730 2867 1883 2924 della
1918 2867 2157 2923 basilica
2191 2866 2282 2923 dei
2320 2866 2424 2921 XII
2463 2867 2720 2937 Apostoli
2755 2869 2954 2936 (Roma
2980 2868 3153 2934 1879).
3190 2898 3257 2908 —
3285 2866 3535 2922 Armel-

642 2954 772 3009 lini
814 2958 830 2989 ¹
858 2973 911 3026 p.
942 2955 1039 3011 139
1064 2973 1171 3024 sq.;
1211 2959 1233 2990 ¹
1259 2972 1313 3026 p.
1337 2955 1441 3010 249
1464 2972 1546 3023 sq.
1580 2985 1648 2995 —
1674 2953 1915 3011 Grisar
1939 2955 2218 3012 Analecta
2242 2953 2494 3011 Romana
2518 2954 2540 3008 l
2567 2955 2766 3024 611sq.
2790 2986 2857 2995 —
2881 2953 3236 3012 Marucchi
3261 2973 3315 3026 p.
3339 2954 3535 3024 390sq.

857 3148 919 3211 A
965 3147 1400 3215 fundamentis
1445 3155 1683 3234 erecta,
1730 3155 1801 3213 ut
1845 3150 2053 3215 credit
2094 3148 2440 3214 Duchesne
2486 3146 2656 3233 (Lib.
2703 3147 2931 3234 pontif.
2979 3148 3081 3215 ed.
3128 3148 3473 3213 Duchesne
3505 3147 3540 3212 Ι

646 3257 703 3317 8.
753 3256 812 3320 9.
861 3257 1015 3329 205;
1083 3252 1444 3317 Mommsen
1512 3275 1576 3338 p.
1624 3257 1703 3317 75
1750 3253 1911 3340 not.)
1979 3276 2019 3319 a
2064 3253 2229 3318 Iulio
2276 3253 2338 3338 Ι,
2405 3251 2575 3317 unde
2640 3273 2873 3317 nomen
2939 3251 3243 3317 basilicae
3311 3251 3538 3336 Iuliae,

650 3355 977 3439 „initiata“
1026 3378 1067 3421 a
1110 3355 1384 3440 Pelagio
1429 3357 1464 3420 Ι
1528 3355 1899 3442 (Duchesne
1946 3358 1981 3421 Ι
2027 3361 2184 3435 303;
2249 3358 2611 3423 Mommsen
2653 3380 2718 3442 p.
2756 3355 2942 3443 155),
3000 3357 3290 3442 perfecta
3334 3377 3411 3422 ac
3456 3378 3537 3420 ss.

645 3460 949 3546 Philippo
998 3465 1064 3526 et
1108 3460 1346 3525 Iacobo
1393 3461 1707 3547 apostolis
1753 3461 2056 3528 dedicata
2100 3469 2200 3528 est
2246 3484 2286 3527 a
2329 3461 2618 3526 Iohanne
2650 3460 2754 3525 IH
2800 3460 2888 3547 (n.
2928 3463 3009 3540 1).
3075 3458 3232 3525 Eius
3278 3467 3539 3546 tegmen

645 3565 890 3629 Paulus
930 3562 963 3627 Ι
1008 3566 1336 3649 reparavit
1380 3565 1753 3650 (Duchesne
1784 3565 1817 3630 Ι
1850 3566 2006 3652 465)
2052 3567 2498 3652 porticumque
2531 3566 2790 3651 incepit,
2837 3563 2920 3630 ad
2965 3565 3161 3630 finem
3193 3564 3537 3630 adductam

646 3668 728 3733 ab
774 3667 1109 3732 Hadriano
1155 3668 1190 3731 Ι
1232 3667 1303 3754 (l.
1337 3689 1391 3737 c.
1425 3668 1458 3731 I
1490 3669 1665 3755 500),
1722 3671 1830 3755 qui
1889 3677 1955 3735 et
2000 3670 2292 3735 absidem
2346 3669 2724 3735 instauravit
2777 3670 3246 3755 ecclesiamque
3314 3668 3541 3733 ditavit

648 3772 717 3854 (l.
762 3795 815 3838 c.
856 3772 891 3835 Ι
931 3771 1105 3857 504).
1216 3773 1354 3837 Leo
1400 3773 1503 3837 HI
1571 3772 2121 3859 quadriporticum
2191 3774 2418 3840 refecit
2486 3772 2881 3859 diversisque
2950 3772 3234 3838 donariis
3295 3772 3542 3838 dotavit

649 3876 720 3961 (l.
768 3899 822 3942 c.
869 3876 938 3940 H
984 3880 1085 3941 20.
1136 3880 1238 3942 28.
1287 3876 1420 3963 31),
1467 3877 1640 3963 quod
1687 3880 1881 3944 etiam
1929 3880 2066 3964 egit
2111 3878 2463 3964 Gregorius
2507 3877 2604 3942 IV
2651 3877 2720 3959 (l.
2756 3898 2809 3942 c.
2857 3875 2927 3939 H
2974 3877 3104 3961 78).
3193 3877 3540 3943 Basilicam

649 3982 777 4046 iam
833 3982 1029 4046 ruinis
1084 3981 1446 4065 proximam
1503 3981 1869 4067 Stephanus
1899 3982 1960 4047 V
2005 3982 2289 4047 funditus
2347 3983 2679 4048 renovavit
2733 3988 2800 4046 ct
2859 3981 3348 4067 quamplurimis
3393 4002 3538 4046 san-

649 4094 893 4150 ctorum
926 4085 1213 4171 reliquiis
1252 4087 1434 4150 auxit
1477 4084 1548 4171 (l.
1583 4108 1635 4151 c.
1667 4085 1736 4150 H
1774 4087 1942 4173 195).
2011 4087 2427 4152 Incoluerunt
2470 4085 2619 4151 inde
2665 4085 2747 4150 ab
2795 4106 2854 4150 a.
2892 4089 3055 4151 1463
3087 4084 3542 4150 conventuales

648 4213 698 4252 s.
730 4189 1056 4254 Francisci
1122 4212 1207 4255 ex
1260 4189 1660 4254 Bessarionis
1713 4190 1888 4256 card.
1934 4193 2172 4277 gratia,
2235 4191 2344 4276 qui
2407 4191 2747 4256 canonicos
2800 4191 3063 4254 amovit.
3160 4188 3278 4253 Est
3323 4190 3542 4254 titulus

649 4293 1108 4379 presbyteralis
1154 4293 1304 4359 inde
1350 4315 1390 4359 a
1435 4315 1605 4360 saec.
1651 4295 1785 4360 XII
1828 4294 1939 4380 (cf.
1985 4295 2332 4361 Duchesne
2380 4296 2445 4360 in
2490 4293 2826 4380 Melanges
2856 4293 2988 4360 VH
3034 4292 3210 4378 235).

867 4486 1249 4572 Archivum‚
1297 4489 1362 4552 in
1408 4510 1534 4574 quo
1581 4489 1778 4553 etiam
1825 4486 2215 4551 documenta
2257 4484 2342 4550 ad
2388 4485 2779 4549 monasteria
2823 4506 2872 4548 s.
2920 4483 3235 4568 Stephani
3279 4483 3360 4550 de
3407 4485 3544 4550 rivo

652 4592 848 4655 maris
930 4598 997 4656 ct
1063 4615 1111 4655 s.
1160 4592 1406 4658 Mariae
1475 4594 1541 4657 in
1606 4591 1915 4655 Arabena
1982 4591 2047 4654 in
2117 4589 2399 4655 dioecesi
2467 4589 2787 4654 Theatina
2851 4587 3122 4674 (Chieti)
3186 4590 3546 4673 spectantia

652 4695 1158 4762 adservabantur
1222 4694 1332 4780 (cf.
1402 4696 1579 4761 Gott.
1635 4695 1875 4761 Nachr.
1946 4699 2108 4760 1903
2187 4715 2248 4779 p.
2318 4696 2441 4758 287
2478 4693 2624 4779 sq.),
2712 4699 3003 4778 tempore
3080 4693 3548 4777 suppressionis

655 4800 739 4884 (a.
803 4802 990 4884 1873)
1036 4798 1394 4886 dispersum
1442 4807 1571 4886 cst,
1632 4800 1856 4884 paucis
1900 4798 2139 4863 chartis
2184 4800 2505 4883 exceptis,
2571 4798 2636 4862 in
2678 4798 2758 4863 R.
2807 4796 3137 4861 archivum
3181 4793 3545 4860 Romanum

655 4914 790 4970 tum
858 4904 1182 4968 translatis
1250 4903 1358 4990 (cf.
1418 4903 1594 4969 Gett.
1640 4903 1879 4968 Nachr.
1944 4905 2095 4967 1901
2173 4924 2237 4987 p.
2286 4901 2459 4987 241).
2558 4901 2906 4967 Volumina
2972 4900 3279 4965 nonnulla
3344 4920 3548 4984 penes

655 5008 1006 5073 monachos
1073 5015 1543 5090 remanserunt,
1612 5010 1780 5072 inter
1836 5027 2004 5093 quae
2066 5005 2354 5071 codicem
2420 5006 2598 5070 illum
2659 5006 2878 5091 magni
2934 5005 3125 5090 pretii
3186 5003 3547 5089 „Volumen

657 5113 1066 5197 antiquarum
1120 5133 1333 5176 rerum
1400 5111 1708 5177 basilicae
1753 5110 1888 5175 XH
1955 5109 2419 5195 Apostolorum
2488 5109 2913 5194 compositum
2958 5128 3077 5193 per
3121 5106 3201 5173 G.
3242 5107 3545 5172 Volater-

657 5237 882 5280 ranum
927 5237 985 5280 a.
1040 5214 1242 5281 1454“
1293 5214 1482 5302 (sign.
1515 5214 1604 5303 A)
1649 5215 1884 5284 trustra
1930 5214 2221 5300 quaesivi
2266 5213 2376 5299 (cf.
2425 5212 2601 5278 Gett.
2648 5211 2887 5278 Nachr.
2940 5216 3102 5279 1903
3158 5234 3221 5298 p.
3255 5213 3380 5277 539
3401 5210 3544 5297 sq.).
