4065 6049
712 486 791 549 82
2064 479 2261 537 Roma.

709 656 774 722 S.
823 657 1133 722 Silvestro
1178 658 1244 722 in
1289 657 1551 742 Capite,
1621 680 1671 720 s.
1712 657 1982 738 XVIII,
2050 656 2263 722 Roma
2332 656 2525 721 Arch.
2571 656 2720 720 Vat.
2777 654 3003 719 Fondo
3071 653 3383 739 Garampi
3428 676 3488 718 n.
3524 656 3606 719 80

709 759 820 846 (cf.
854 760 1031 826 Gott.
1064 761 1302 826 Nachr.
1341 765 1506 828 1900
1537 784 1601 847 p.
1635 761 1809 848 393).
1880 762 2319 828 Inventarium
2352 784 2518 828 saec.
2552 762 2719 826 XIX
2764 768 2863 826 est
2892 763 2957 825 in
2990 761 3250 826 archivo
3280 759 3604 825 Romano:

707 864 1076 930 Inventario
1140 865 1206 929 di
1251 866 1398 929 tutti
1443 864 1535 950 gli
1567 866 1684 930 atti
1715 884 1751 928 e
1781 866 2079 929 scritture
2112 866 2399 931 esistenti
2431 865 2578 930 nell'
2614 864 2897 929 archivio
2931 864 3036 929 del
3069 885 3211 929 ven.
3243 870 3606 929 monastero

709 968 776 1032 di
822 969 885 1033 S.
934 968 1241 1035 Silvestre
1289 970 1354 1034 in
1399 969 1653 1054 Capite,
1685 954 1867 1033 auct.
1913 966 1984 1034 C.
2018 968 2386 1054 Corvisieri,
2432 970 2557 1034 vol.
2591 968 2839 1033 1—-111
2885 967 2997 1054 (cf.
3043 968 3338 1034 Federici
3384 989 3447 1052 p.
3479 970 3604 1032 237

707 1079 839 1136 not.
894 1071 978 1157 1).

706 1211 786 1274 *1
3107 1213 3232 1275 761
3306 1211 3445 1276 iun.
3478 1211 3519 1270 9

707 1315 1006 1387 Paulus
1051 1314 1084 1378 I
1131 1313 1479 1379 introducit
1524 1315 1589 1377 in
1633 1312 1756 1379 hoc
1804 1314 2067 1378 oraculo
2113 1334 2345 1399 corpus
2389 1313 2450 1379 b.
2484 1313 2777 1380 Silvestri
2825 1336 2927 1399 ep.
2977 1320 3043 1379 et
3070 1210 3490 1379 (‹30nf)essoris.

915 1426 1133 1481 Notitia
1169 1426 1298 1479 haec
1334 1424 1527 1479 addita
1561 1425 1933 1479 inreniebatur
1965 1425 2027 1478 in
2063 1441 2118 1480 n.
2144 1432 2191 1480 2.
2231 1456 2295 1464 -
2334 1425 2466 1494 Req.
2504 1426 2618 1482 JE.
2659 1457 2741 1482 -.

705 1534 752 1597 2
3156 1534 3285 1596 761
3329 1530 3446 1597 iul.
3476 1534 3518 1593 4

707 1634 1007 1701 Paulus
1052 1635 1085 1699 I
1129 1635 1404 1701 Leontio
1451 1634 1566 1699 rel.
1614 1633 1991 1719 presbytero
2040 1641 2106 1699 et
2149 1633 2369 1699 abbati
2416 1641 2566 1700 etc.:
2615 1634 2911 1700 concedit
2940 1637 3330 1700 monasterio
3377 1656 3417 1700 a
3461 1655 3603 1699 sese

706 1739 874 1803 infra
928 1740 1186 1803 moenia
1239 1736 1467 1802 domus
1530 1759 1684 1803 suae
1746 1740 2089 1805 constituto
2143 1738 2413 1823 praedia
2459 1747 2526 1803 et
2578 1741 3035 1825 possessiones,
3095 1746 3163 1804 et
3215 1741 3468 1823 statuit,
3536 1747 3605 1803 ut

707 1844 1122 1930 congregatio
1168 1842 1629 1907 monachorum
1674 1843 1740 1905 in
1785 1841 2016 1907 eodem
2063 1844 2453 1908 monasterio
2501 1844 2741 1928 septies
2787 1845 2851 1908 in
2896 1842 3000 1908 die
3043 1842 3323 1907 Domino
3366 1842 3606 1908 referat

707 1948 953 2013 laudes.
1001 1985 1084 1995 —
1129 1946 1309 2011 Inter
1354 1945 1607 2011 diversa
1652 1945 2026 2011 studiorum.
2117 1948 2359 2012 Paulus
2405 1968 2507 2032 ep.
2556 1955 2677 2013 etc.
2754 1947 3009 2012 Subscr.
3056 1953 3132 2012 41
3194 1948 3481 2033 episcopi
3539 1953 3606 2011 et

704 2052 1063 2138 presbyteri
1109 2057 1231 2117 etc.
1320 2050 1472 2115 Dat.
1514 2055 1554 2116 4
1599 2072 1747 2115 non.
1793 2050 1902 2115 iul.
1948 2052 2101 2135 imp.
2144 2050 2205 2116 d.
2247 2051 2666 2117 Constantino
2721 2074 2867 2137 aug.
2909 2074 2949 2117 a
2992 2051 3135 2117 Deo
3194 2073 3321 2117 cor.
3368 2072 3603 2137 magno

706 2159 860 2241 imp.
908 2178 966 2220 a.
1013 2159 1119 2240 43,
1166 2176 1265 2239 pc.
1314 2155 1453 2218 eius
1500 2175 1558 2219 a.
1593 2157 1697 2238 23,
1742 2153 1871 2218 ind.
1912 2159 2008 2219 14.

913 2268 993 2321 B¹
1030 2283 1072 2321 s.
1102 2265 1261 2320 XVI
1286 2280 1367 2319 ex.
1418 2264 1466 2318 G
1491 2264 1536 2330 Ι.
1560 2272 1674 2320 492.
1746 2265 1805 2319 D
1836 2265 1881 2331 Ι.
1907 2272 2017 2320 267.
2090 2264 2151 2319 Ε
2180 2265 2225 2334 f.
2251 2275 2329 2321 41.
2370 2294 2432 2305 -
2471 2264 2618 2320 Εάᾱ.
2656 2265 2944 2321 Bas-onius
2977 2265 3129 2320 Ami.
3173 2264 3250 2319 ad
3282 2283 3334 2319 a.
3376 2272 3463 2320 761
3498 2281 3543 2320 c.
3572 2270 3607 2318 2

708 2357 763 2423 (4
787 2371 914 2409 non.
954 2354 1089 2420 iun.)
1128 2375 1192 2398 =
1231 2352 1565 2422 Maranyoni
1602 2352 1855 2408 Chronol.
1894 2353 2046 2409 Rom.
2064 2353 2265 2422 pontif.
2283 2371 2343 2422 p.
2373 2359 2478 2422 132,
2516 2377 2583 2400 =
2620 2354 2815 2408 Mami
2853 2354 2988 2407 XII
3016 2361 3136 2421 645,
3176 2377 3240 2400 =
3279 2354 3424 2407 M.
3450 2352 3605 2423 Rom·

705 2442 783 2498 ed.
823 2440 1162 2509 Coequelines
1198 2438 1237 2492 1
1285 2446 1376 2493 154
1410 2456 1466 2497 n.
1491 2445 1526 2493 2
1561 2461 1627 2484 ---
1677 2439 1820 2495 Ball.
1859 2439 2015 2495 Rom.
2058 2439 2135 2494 cd.
2179 2440 2343 2493 Taur.
2383 2439 2419 2494 1
2459 2447 2561 2494 248
2605 2447 2719 2495 π.2
2755 2463 2820 2486 -·=
2868 2440 3057 2508 Μιζφιι
3100 2439 3444 2494 LXXXIX
3478 2446 3607 2493 1190

704 2546 761 2582 n.
790 2534 864 2581 12.
938 2525 1182 2581 Fedefici
1215 2541 1271 2580 n.
1297 2533 1325 2579 1
1361 2540 1429 2578 ex
1464 2526 1556 2580 13¹.
1632 2524 1783 2580 Mon.
1813 2525 1990 2580 Germ.
2023 2525 2180 2581 Cone.
2211 2526 2284 2580 11
2308 2533 2373 2580 64
2407 2544 2461 2581 n.
2490 2534 2564 2582 12.
2600 2557 2668 2566 —
2705 2527 2868 2596 Reyq,
2906 2526 3210 2584 Giacelnetti
3235 2543 3295 2595 p.
3323 2535 3393 2580 11.
3424 2534 3501 2582 16.
3529 2533 3602 2580 77.

704 2615 973 2668 Severum
997 2624 1058 2681 11.
1082 2618 1200 2666 346.
1275 2610 1497 2665 Garletti
1524 2628 1584 2680 p.
1613 2619 1718 2668 176.
1797 2612 2178 2683 Wes‘minyhoff
2222 2614 2284 2667 in
2337 2613 2408 2669 N.
2446 2614 2645 2668 Archiv
2700 2614 2920 2668 XXIV
2963 2622 3075 2669 469.
3159 2614 3214 2668 «Τ.
3276 2621 3420 2668 1799.
3491 2612 3603 2669 «ΤΕ.

704 2708 837 2756 2346
869 2700 943 2753 ad
975 2701 1092 2754 iun.
1118 2705 1166 2753 2.

1085 2795 1206 2849 Hoc
1235 2793 1497 2865 „dignum
1522 2792 1689 2848 huius
1713 2791 1894 2849 sancti
1924 2793 2204 2864 pontificis
2235 2797 2680 2849 monumentum*
2715 2793 2928 2864 primus
2956 2793 3373 2863 papebrochius
3396 2794 3601 2849 falsum

915 2881 1206 2938 iudicavit.
1291 2880 1500 2937 Contra
1533 2897 1700 2948 quem
1735 2880 1950 2950 Pagius
1982 2884 2042 2937 et
2077 2881 2258 2936 denuo
2291 2879 2525 2935 Maffeus
2563 2880 2774 2951 (Migue
2811 2880 3094 2935 CXXVIII
3137 2882 3290 2948 1147)
3327 2881 3600 2936 sincerum

915 2988 1032 3027 esse
1069 2968 1266 3024 merito
1304 2967 1720 3023 contendebant
1756 2967 1847 3034 (cf.
1873 2965 2126 3022 Federici
2152 2985 2206 3039 p.
2231 2968 2330 3022 241
2371 2970 2431 3022 et
2466 2966 2756 3022 Duchesne
2804 2967 2863 3021 in
2898 2967 3185 3039 Melanges
3221 2967 3322 3021 XX
3360 2968 3462 3021 328
3479 2971 3603 3037 sq.).

913 3088 980 3098 —
1016 3057 1097 3113 De
1132 3074 1191 3111 re
1218 3055 1285 3111 cf.
1310 3053 1507 3109 Vitam
1545 3054 1706 3110 Pauli
1733 3053 1874 3122 (Lib.
1899 3054 2102 3125 pontif.
2141 3054 2225 3109 ed.
2262 3052 2555 3109 Duchesne
2594 3055 2617 3108 1
2653 3055 2796 3134 464).

704 3164 786 3227 *3
3063 3163 3190 3225 761
3235 3180 3383 3242 any.
3433 3163 3518 3223 17

706 3268 1005 3334 Paulus
1048 3266 1084 3330 I
1129 3264 1475 3330 introducit
1519 3286 1751 3350 corpus
1795 3264 1855 3330 b.
1905 3264 2219 3350 Stephani
2263 3272 2449 3330 mart.
2497 3272 2693 3350 atque
2740 3265 3079 3350 pontificis.
3286 3255 3292 3259 ”

913 3377 1129 3432 Nomia
1161 3377 1359 3432 addita
1393 3381 1456 3431 ut
1491 3393 1664 3445 stapra
1697 3393 1754 3430 n.
1783 3385 1823 3431 1.
1861 3407 1927 3415 —
1969 3375 2103 3446 Req.
2140 3375 2250 3429 «ΤΕ.
2289 3407 2372 3431 —-.

705 3487 746 3547 4
1853 3563 1860 3573 ⁸
3280 3482 3513 3566 (8442)

705 3587 1024 3673 Sergius
1055 3585 1124 3649 II
1158 3634 1173 3650 .
1202 3632 1216 3648 .
1242 3585 1558 3650 monacho
1593 3592 1788 3670 atque
1821 3584 2042 3649 abbati
2072 3590 2224 3649 etc.:
2259 3584 2555 3650 concedit
2583 3607 2700 3670 pro
2733 3589 3200 3652 restauratione
3230 3588 3602 3652 monasterii

704 3699 959 3776 portam
1007 3712 1067 3776 q.
1112 3710 1169 3754 V.
1216 3711 1265 3753 s.
1298 3689 1657 3773 Valentini,
1713 3690 2173 3753 monasterium
2229 3710 2278 3752 s.
2322 3689 2651 3754 Valentini
2712 3690 2866 3754 foris
2923 3699 3178 3775 portam
3226 3695 3293 3755 ct
3335 3697 3600 3775 pontem

704 3794 1034 3880 lapideum
1095 3816 1157 3878 q.
1205 3813 1263 3855 v.
1311 3792 1618 3877 Molvius,
1689 3813 1885 3857 censu
1944 3793 2060 3856 sol.
2104 3796 2141 3857 3
2204 3792 2471 3876 singulis
2530 3792 2888 3878 quibusque
2943 3792 3397 3858 indictionibus
3450 3814 3600 3878 per-

706 3897 1036 3963 solvend0.
1083 3935 1167 3944 —
1216 3895 1609 3985 [Petentium
1642 3893 2023 3982 desideriis.]
2116 3895 2249 3960 Scr.
2297 3918 2359 3981 p.
2392 3917 2475 3959 m.
2509 3895 2820 3961 Gaudiosi
2865 3898 3242 3981 protoscrin.
3289 3896 3353 3961 S.
3386 3896 3466 3962 R.
3499 3896 3598 3980 Ε.,

705 4002 834 4067 ind.
870 4025 951 4067 ss.
991 4008 1045 4066 1.
1138 3998 1307 4088 [Dat.
1355 4023 1419 4086 p.
1451 4022 1535 4064 m.
1571 4048 1586 4063 .
1620 4045 1636 4061 .
1672 4046 1687 4062 .
1732 3997 1888 4086 not]
1950 4007 2016 4065 et
2061 4001 2404 4085 regionarii
2453 4006 2519 4064 et
2563 3999 2718 4066 bibl.
2766 3999 2829 4064 S.
2861 4001 2941 4065 R.
2973 3999 3071 4085 Ε.,
3119 4023 3177 4066 8.
3223 4000 3368 4066 Deo
3413 4023 3598 4086 prop.

705 4113 881 4192 pont.
930 4105 991 4170 d.
1040 4105 1251 4190 Sergii
1296 4104 1365 4168 II
1408 4126 1516 4189 pp.
1565 4126 1624 4169 a.
1662 4109 1718 4187 1,
1764 4125 1944 4189 regn.
1991 4103 2301 4168 Lothario
2349 4125 2388 4168 a
2432 4103 2576 4168 Deo
2623 4124 2751 4168 cor.
2799 4105 2974 4188 imp„
3020 4104 3150 4168 ind.
3185 4126 3265 4169 ss.
3306 4109 3361 4167 1.

913 4217 969 4271 B
1003 4233 1044 4271 s.
1076 4216 1220 4270 XII.
1268 4247 1334 4255 —
1387 4214 1530 4269 Edd.
1565 4213 1836 4284 Pnuka.
1873 4216 2011 4268 Acta
2048 4214 2123 4269 11
2151 4221 2218 4269 27
2248 4232 2304 4268 π.
2328 4222 2395 4270 56
2431 4230 2498 4269 ex
2522 4215 2591 4269 B.
2679 4213 2919 4269 Falco-ici
2953 4231 3009 4271 n.
3033 4222 3067 4269 2
3098 4231 3165 4270 αι·
3191 4216 3262 4270 Β.
3315 4245 3383 4255 -
3438 4215 3599 4285 Reyy.

708 4303 929 4357 Garletti
963 4319 1017 4371 p.
1043 4311 1149 4357 179.
1222 4301 1496 4371 Pfluqu.
1533 4304 1643 4355 Iter
1669 4318 1731 4370 p.
1755 4309 1850 4356 177
1878 4317 1934 4356 n.
1960 4309 2047 4357 40.
2119 4300 2229 4357 «ΤΕ.
2266 4306 2304 4368 †
2337 4307 2493 4356 2687.

1085 4397 1349 4468 Spurium
1389 4397 1908 4468 Pflugk-Harttung
1952 4400 2011 4453 et
2048 4396 2300 4454 Federici
2339 4399 2415 4468 (p.
2441 4398 2536 4452 241
2562 4397 2665 4465 sq.)
2704 4398 3100 4453 documentum
3134 4396 3431 4453 affirmant.
3491 4397 3598 4453 Sed

912 4487 1133 4539 textum
1176 4484 1447 4538 sincerum
1495 4501 1614 4539 esse
1665 4482 1805 4537 mihi
1853 4501 2180 4553 persuasum
2228 4482 2428 4539 habe0.
2510 4484 2908 4539 Monasterium
2954 4484 3106 4538 enim
3141 4503 3183 4538 s.
3211 4483 3501 4540 Valentini
3538 4489 3599 4539 et

915 4575 1141 4642 pontem
1176 4568 1433 4625 Milvium
1471 4569 1529 4624 in
1567 4570 1802 4641 Agapiti
1840 4571 1893 4624 II
1929 4570 2090 4625 bulla
2127 4570 2275 4640 (11.6)
2312 4571 2462 4626 inter
2497 4569 2870 4641 possessiones
2905 4569 3229 4626 monasterii
3266 4570 3594 4627 invenimus

915 4656 1293 4712 Eschatocolli
1342 4675 1468 4712 vero
1515 4656 1786 4712 formulae
1831 4662 1889 4712 et
1941 4658 2176 4713 fortasse
2221 4661 2322 4714 aut
2374 4675 2571 4712 nomen
2607 4675 2794 4729 papae
2849 4661 2950 4713 aut
3002 4658 3166 4729 signa
3199 4656 3597 4729 chronologica

913 4744 1129 4798 incuria
1165 4743 1254 4798 vel
1291 4744 1619 4814 insipientia
1655 4743 1801 4810 eius,
1846 4744 1944 4812 qui
1989 4746 2378 4816 apographum
2426 4762 2493 4799 ex
2530 4762 2746 4815 papyro
2789 4745 3056 4816 originali
3092 4746 3206 4800 iam
3245 4745 3408 4800 valde
3443 4744 3597 4800 laeso

913 4829 1285 4901 transcripsit,
1321 4829 1653 4901 gravissime
1691 4834 1988 4902 corruptae
2025 4831 2302 4889 videntur.

703 4935 784 4996 *5
3136 4935 3480 5001 931-36?

704 5039 1095 5105 Iohannes
1149 5039 1269 5128 [XI
1284 5038 1336 5128 2²]
1383 5041 1574 5107 offert
1617 5041 2007 5106 monasterio
2071 5041 2505 5126 „aquimolum
2562 5042 2912 5107 molentem
2972 4936 3169 5105 unu1(n
3230 5061 3375 5104 cum
3431 4938 3595 5127 1338-

704 5145 1020 5209 mentorio
1080 5153 1147 5210 et
1189 5146 1450 5210 introitu
1496 5167 1609 5210 suo
1658 5152 1725 5209 et
1769 5166 1913 5209 cum
1962 5146 2135 5209 omni
2183 5146 2551 5210 conciatura
2595 5167 2711 5210 sua
2764 5154 2833 5211 et
2884 5144 3179 5209 concedit
3222 5145 3287 5208 in
3331 5145 3594 5208 fluvium

705 5248 975 5334 Tyberis
1020 5255 1170 5314 ante
1215 5249 1503 5337 cloacam
1549 5270 1693 5314 cum
1739 5270 1910 5335 aqua
1954 5255 2103 5334 post
2145 5271 2215 5314 se
2261 5248 2344 5314 ad
2392 5250 2587 5315 alium
2636 5251 3032 5336 aquimolum
3077 5248 3507 5315 faciendum“.
