<?xml version="1.0" encoding="UTF-8"?>
<!DOCTYPE html PUBLIC "-//W3C//DTD XHTML 1.0 Transitional//EN"
    "http://www.w3.org/TR/xhtml1/DTD/xhtml1-transitional.dtd">
<html xmlns="http://www.w3.org/1999/xhtml" xml:lang="en" lang="en">
 <head>
  <title>
</title>
<meta http-equiv="Content-Type" content="text/html;charset=utf-8" />
  <meta name='ocr-system' content='tesseract 3.04.00' />
  <meta name='ocr-capabilities' content='ocr_page ocr_carea ocr_par ocr_line ocrx_word'/>
</head>
<body>
  <div class='ocr_page' id='page_1' title='image "./italiapontifici00kehrgoog_0212.png"; bbox 0 0 4065 6049; ppageno 0'>
   <div class='ocr_carea' id='block_1_1' title="bbox 899 567 2436 640">
    <p class='ocr_par' dir='ltr' id='par_1_1' title="bbox 899 567 2436 640">
     <span class='ocr_line' id='line_1_1' title="bbox 899 567 2436 640; baseline 0 0"><span class='ocrx_word' id='word_1_1' title='bbox 899 579 1019 640; x_wconf 79' lang='grc'>180</span> <span class='ocrx_word' id='word_1_2' title='bbox 2244 567 2436 627; x_wconf 67' lang='lat' dir='ltr'>Roma-</span> 
     </span>
    </p>
   </div>
   <div class='ocr_carea' id='block_1_2' title="bbox 890 745 3746 1225">
    <p class='ocr_par' dir='ltr' id='par_1_2' title="bbox 890 745 3746 1142">
     <span class='ocr_line' id='line_1_2' title="bbox 892 745 3685 828; baseline -0 -21"><span class='ocrx_word' id='word_1_3' title='bbox 892 749 931 807; x_wconf 84' lang='lat'><strong><em>5</em></strong></span> <span class='ocrx_word' id='word_1_4' title='bbox 2982 745 3189 810; x_wconf 72' lang='lat' dir='ltr'>Gaetu</span> <span class='ocrx_word' id='word_1_5' title='bbox 3233 746 3449 828; x_wconf 82' lang='grc'><em>(1118</em></span> <span class='ocrx_word' id='word_1_6' title='bbox 3491 746 3685 821; x_wconf 78' lang='lat' dir='ltr'>mart.)</span> 
     </span>
     <span class='ocr_line' id='line_1_3' title="bbox 891 848 3744 933; baseline -0.001 -19"><span class='ocrx_word' id='word_1_7' title='bbox 891 850 1254 914; x_wconf 83' lang='lat' dir='ltr'>Gelasius</span> <span class='ocrx_word' id='word_1_8' title='bbox 1299 848 1368 913; x_wconf 93' lang='lat'>11</span> <span class='ocrx_word' id='word_1_9' title='bbox 1434 849 1608 914; x_wconf 88' lang='lat' dir='ltr'>clero</span> <span class='ocrx_word' id='word_1_10' title='bbox 1672 857 1738 913; x_wconf 91' lang='lat' dir='ltr'>et</span> <span class='ocrx_word' id='word_1_11' title='bbox 1791 850 2030 933; x_wconf 91' lang='lat' dir='ltr'>populo</span> <span class='ocrx_word' id='word_1_12' title='bbox 2076 849 2400 914; x_wconf 89' lang='lat' dir='ltr'>Romano:</span> <span class='ocrx_word' id='word_1_13' title='bbox 2469 849 2760 931; x_wconf 81' lang='lat' dir='ltr'>mandat,</span> <span class='ocrx_word' id='word_1_14' title='bbox 2828 855 2899 913; x_wconf 89' lang='lat' dir='ltr'>ut</span> <span class='ocrx_word' id='word_1_15' title='bbox 2953 872 2992 913; x_wconf 87' lang='lat' dir='ltr'>a</span> <span class='ocrx_word' id='word_1_16' title='bbox 3046 850 3354 914; x_wconf 82' lang='lat' dir='ltr'>Mauritio</span> <span class='ocrx_word' id='word_1_17' title='bbox 3402 848 3744 913; x_wconf 73' lang='lat' dir='ltr'>Bracharea</span> 
     </span>
     <span class='ocr_line' id='line_1_4' title="bbox 890 952 3746 1039; baseline -0.001 -21"><span class='ocrx_word' id='word_1_18' title='bbox 890 954 1176 1038; x_wconf 81' lang='lat' dir='ltr'>archiep.</span> <span class='ocrx_word' id='word_1_19' title='bbox 1225 961 1553 1039; x_wconf 86' lang='lat' dir='ltr'>tamquam</span> <span class='ocrx_word' id='word_1_20' title='bbox 1602 953 1682 1017; x_wconf 89' lang='lat' dir='ltr'>ab</span> <span class='ocrx_word' id='word_1_21' title='bbox 1730 956 2310 1037; x_wconf 83' lang='lat' dir='ltr'>excommunicatO,</span> <span class='ocrx_word' id='word_1_22' title='bbox 2357 955 2634 1038; x_wconf 89' lang='lat' dir='ltr'>periuro,</span> <span class='ocrx_word' id='word_1_23' title='bbox 2683 954 2975 1017; x_wconf 81' lang='lat' dir='ltr'>invasore</span> <span class='ocrx_word' id='word_1_24' title='bbox 3022 960 3167 1018; x_wconf 89' lang='lat' dir='ltr'>ets.</span> <span class='ocrx_word' id='word_1_25' title='bbox 3201 955 3436 1018; x_wconf 87' lang='lat' dir='ltr'>matris</span> <span class='ocrx_word' id='word_1_26' title='bbox 3481 952 3746 1017; x_wconf 80' lang='lat' dir='ltr'>ecclesiae</span> 
     </span>
     <span class='ocr_line' id='line_1_5' title="bbox 890 1058 2647 1142; baseline -0.001 -20"><span class='ocrx_word' id='word_1_27' title='bbox 890 1079 967 1122; x_wconf 91' lang='lat' dir='ltr'>ac</span> <span class='ocrx_word' id='word_1_28' title='bbox 1012 1058 1163 1122; x_wconf 91' lang='lat' dir='ltr'>fidei</span> <span class='ocrx_word' id='word_1_29' title='bbox 1210 1058 1570 1123; x_wconf 90' lang='lat' dir='ltr'>catholicae</span> <span class='ocrx_word' id='word_1_30' title='bbox 1616 1063 2102 1142; x_wconf 75' lang='lat' dir='ltr'>constupratore</span> <span class='ocrx_word' id='word_1_31' title='bbox 2149 1080 2218 1123; x_wconf 90' lang='lat' dir='ltr'>se</span> <span class='ocrx_word' id='word_1_32' title='bbox 2264 1058 2647 1123; x_wconf 87' lang='lat' dir='ltr'>abstineant.</span> 
     </span>
    </p>

    <p class='ocr_par' dir='ltr' id='par_1_3' title="bbox 1202 1169 2121 1225">
     <span class='ocr_line' id='line_1_6' title="bbox 1202 1169 2121 1225; baseline 0.001 -2"><span class='ocrx_word' id='word_1_33' title='bbox 1202 1188 1251 1224; x_wconf 73' lang='grc' dir='ltr'>ν.</span> <span class='ocrx_word' id='word_1_34' title='bbox 1292 1170 1485 1224; x_wconf 88' lang='lat' dir='ltr'>Clerus</span> <span class='ocrx_word' id='word_1_35' title='bbox 1522 1169 1673 1224; x_wconf 90' lang='lat' dir='ltr'>urbis</span> <span class='ocrx_word' id='word_1_36' title='bbox 1713 1170 1922 1224; x_wconf 87' lang='lat' dir='ltr'>Romae</span> <span class='ocrx_word' id='word_1_37' title='bbox 1960 1188 2013 1225; x_wconf 89' lang='lat' dir='ltr'>n.</span> <span class='ocrx_word' id='word_1_38' title='bbox 2038 1170 2121 1224; x_wconf 88' lang='grc'>21.</span> 
     </span>
    </p>
   </div>
   <div class='ocr_carea' id='block_1_3' title="bbox 889 1266 3749 1453">
    <p class='ocr_par' dir='ltr' id='par_1_4' title="bbox 889 1266 3749 1453">
     <span class='ocr_line' id='line_1_7' title="bbox 889 1266 3662 1329; baseline -0.001 0"><span class='ocrx_word' id='word_1_39' title='bbox 889 1266 972 1329; x_wconf 81' lang='grc'>*6</span> <span class='ocrx_word' id='word_1_40' title='bbox 3327 1267 3662 1329; x_wconf 78' lang='lat'><strong><em>1138—43</em></strong></span> 
     </span>
     <span class='ocr_line' id='line_1_8' title="bbox 889 1267 3749 1453; baseline -0.001 -21"><span class='ocrx_word' id='word_1_41' title='bbox 889 1369 976 1433; x_wconf 94' lang='lat' dir='ltr'>In</span> <span class='ocrx_word' id='word_1_42' title='bbox 996 1371 1407 1434; x_wconf 81' lang='lat' dir='ltr'>nocentius</span> <span class='ocrx_word' id='word_1_43' title='bbox 1451 1367 1519 1432; x_wconf 94' lang='lat'>11</span> <span class='ocrx_word' id='word_1_44' title='bbox 1579 1370 1924 1453; x_wconf 89' lang='lat' dir='ltr'>promittit,</span> <span class='ocrx_word' id='word_1_45' title='bbox 1988 1390 2059 1433; x_wconf 91' lang='lat' dir='ltr'>se</span> <span class='ocrx_word' id='word_1_46' title='bbox 2119 1368 2447 1433; x_wconf 81' lang='lat' dir='ltr'>advocatis</span> <span class='ocrx_word' id='word_1_47' title='bbox 2509 1375 2576 1434; x_wconf 91' lang='lat' dir='ltr'>et</span> <span class='ocrx_word' id='word_1_48' title='bbox 2632 1368 2947 1433; x_wconf 87' lang='lat' dir='ltr'>iudicibus</span> <span class='ocrx_word' id='word_1_49' title='bbox 3009 1369 3201 1435; x_wconf 81' lang='lat' dir='ltr'>Urbis</span> <span class='ocrx_word' id='word_1_50' title='bbox 3252 1273 3382 1436; x_wconf 57' lang='grc'>100</span> <span class='ocrx_word' id='word_1_51' title='bbox 3439 1367 3626 1433; x_wconf 86' lang='lat' dir='ltr'>libras</span> <span class='ocrx_word' id='word_1_52' title='bbox 3655 1267 3749 1431; x_wconf 75' lang='lat' dir='ltr'>)vel</span> 
     </span>
    </p>
   </div>
   <div class='ocr_carea' id='block_1_4' title="bbox 898 1473 3031 1558">
    <p class='ocr_par' dir='ltr' id='par_1_5' title="bbox 898 1473 3031 1558">
     <span class='ocr_line' id='line_1_9' title="bbox 898 1473 3031 1558; baseline 0.001 -23"><span class='ocrx_word' id='word_1_53' title='bbox 898 1474 1119 1537; x_wconf 81' lang='lat' dir='ltr'>valens</span> <span class='ocrx_word' id='word_1_54' title='bbox 1165 1473 1571 1537; x_wconf 89' lang='lat' dir='ltr'>denariorum</span> <span class='ocrx_word' id='word_1_55' title='bbox 1617 1473 1888 1557; x_wconf 88' lang='lat' dir='ltr'>Papien.</span> <span class='ocrx_word' id='word_1_56' title='bbox 1935 1474 2118 1538; x_wconf 89' lang='lat' dir='ltr'>annis</span> <span class='ocrx_word' id='word_1_57' title='bbox 2163 1473 2427 1558; x_wconf 86' lang='lat' dir='ltr'>singulis</span> <span class='ocrx_word' id='word_1_58' title='bbox 2471 1473 2824 1538; x_wconf 90' lang='lat' dir='ltr'>soluturum</span> <span class='ocrx_word' id='word_1_59' title='bbox 2872 1495 3031 1539; x_wconf 88' lang='lat' dir='ltr'>esse.</span> 
     </span>
    </p>
   </div>
   <div class='ocr_carea' id='block_1_5' title="bbox 890 1583 3752 2082">
    <p class='ocr_par' dir='ltr' id='par_1_6' title="bbox 890 1583 3752 1827">
     <span class='ocr_line' id='line_1_10' title="bbox 1099 1583 3752 1653; baseline -0.001 -15"><span class='ocrx_word' id='word_1_60' title='bbox 1099 1583 1286 1639; x_wconf 78' lang='lat' dir='ltr'>Laud.</span> <span class='ocrx_word' id='word_1_61' title='bbox 1331 1585 1395 1637; x_wconf 75' lang='lat' dir='ltr'>in</span> <span class='ocrx_word' id='word_1_62' title='bbox 1428 1585 1739 1638; x_wconf 69' lang='lat' dir='ltr'>iuramento</span> <span class='ocrx_word' id='word_1_63' title='bbox 1774 1583 2155 1638; x_wconf 68' lang='lat' dir='ltr'>advocata-um</span> <span class='ocrx_word' id='word_1_64' title='bbox 2196 1584 2514 1637; x_wconf 72' lang='lat' dir='ltr'>Innocentio</span> <span class='ocrx_word' id='word_1_65' title='bbox 2549 1584 2622 1639; x_wconf 89' lang='grc' dir='ltr'>ΙΙ</span> <span class='ocrx_word' id='word_1_66' title='bbox 2650 1586 2916 1653; x_wconf 66' lang='lat' dir='ltr'>praestito</span> <span class='ocrx_word' id='word_1_67' title='bbox 2955 1587 3069 1653; x_wconf 79' lang='lat' dir='ltr'>(ap.</span> <span class='ocrx_word' id='word_1_68' title='bbox 3106 1584 3370 1638; x_wconf 74' lang='lat' dir='ltr'>Albinum</span> <span class='ocrx_word' id='word_1_69' title='bbox 3415 1584 3505 1638; x_wconf 68' lang='lat' dir='ltr'>Hb.</span> <span class='ocrx_word' id='word_1_70' title='bbox 3532 1583 3621 1637; x_wconf 77' lang='lat' dir='ltr'>X]</span> <span class='ocrx_word' id='word_1_71' title='bbox 3649 1599 3685 1638; x_wconf 81' lang='lat' dir='ltr'>c.</span> <span class='ocrx_word' id='word_1_72' title='bbox 3705 1590 3752 1636; x_wconf 79' lang='grc'>21</span> 
     </span>
     <span class='ocr_line' id='line_1_11' title="bbox 890 1668 3750 1726; baseline -0.001 -1"><span class='ocrx_word' id='word_1_73' title='bbox 890 1671 972 1725; x_wconf 81' lang='lat' dir='ltr'>ed.</span> <span class='ocrx_word' id='word_1_74' title='bbox 1015 1670 1529 1726; x_wconf 69' lang='lat' dir='ltr'>Fabre-Duchesne</span> <span class='ocrx_word' id='word_1_75' title='bbox 1565 1671 1638 1725; x_wconf 92' lang='grc' dir='ltr'>ΙΙ</span> <span class='ocrx_word' id='word_1_76' title='bbox 1667 1678 1776 1725; x_wconf 44' lang='lat'>127*</span> <span class='ocrx_word' id='word_1_77' title='bbox 1801 1676 1846 1724; x_wconf 80' lang='lat' dir='ltr'>et</span> <span class='ocrx_word' id='word_1_78' title='bbox 1880 1672 1944 1725; x_wconf 74' lang='lat' dir='ltr'>in</span> <span class='ocrx_word' id='word_1_79' title='bbox 1992 1670 2118 1724; x_wconf 73' lang='lat' dir='ltr'>Vita</span> <span class='ocrx_word' id='word_1_80' title='bbox 2156 1670 2460 1724; x_wconf 69' lang='lat' dir='ltr'>Innocentii</span> <span class='ocrx_word' id='word_1_81' title='bbox 2495 1670 2566 1724; x_wconf 91' lang='grc' dir='ltr'>ῙΙ</span> <span class='ocrx_word' id='word_1_82' title='bbox 2601 1676 2742 1723; x_wconf 74' lang='lat' dir='ltr'>auct.</span> <span class='ocrx_word' id='word_1_83' title='bbox 2782 1670 2992 1724; x_wconf 73' lang='lat' dir='ltr'>Rome</span> <span class='ocrx_word' id='word_1_84' title='bbox 3029 1669 3143 1726; x_wconf 77' lang='lat' dir='ltr'>edd.</span> <span class='ocrx_word' id='word_1_85' title='bbox 3188 1672 3484 1725; x_wconf 65' lang='lat' dir='ltr'>Batonius</span> <span class='ocrx_word' id='word_1_86' title='bbox 3526 1673 3664 1723; x_wconf 65' lang='lat' dir='ltr'>Asin.</span> <span class='ocrx_word' id='word_1_87' title='bbox 3691 1668 3750 1721; x_wconf 77' lang='lat' dir='ltr'>ad</span> 
     </span>
     <span class='ocr_line' id='line_1_12' title="bbox 891 1755 3750 1827; baseline -0.001 -15"><span class='ocrx_word' id='word_1_88' title='bbox 891 1776 944 1812; x_wconf 81' lang='lat' dir='ltr'>a.</span> <span class='ocrx_word' id='word_1_89' title='bbox 971 1766 1099 1812; x_wconf 83' lang='grc'>1143</span> <span class='ocrx_word' id='word_1_90' title='bbox 1133 1774 1175 1812; x_wconf 89' lang='lat' dir='ltr'>c.</span> <span class='ocrx_word' id='word_1_91' title='bbox 1203 1767 1288 1826; x_wconf 82' lang='lat'>11,-</span> <span class='ocrx_word' id='word_1_92' title='bbox 1335 1757 1627 1812; x_wconf 76' lang='lat' dir='ltr'>Wutterich</span> <span class='ocrx_word' id='word_1_93' title='bbox 1663 1758 1813 1811; x_wconf 76' lang='lat' dir='ltr'>Vitae</span> <span class='ocrx_word' id='word_1_94' title='bbox 1837 1758 2043 1827; x_wconf 73' lang='lat' dir='ltr'>pontis.</span> <span class='ocrx_word' id='word_1_95' title='bbox 2085 1757 2162 1810; x_wconf 89' lang='lat'>11</span> <span class='ocrx_word' id='word_1_96' title='bbox 2192 1765 2318 1823; x_wconf 83' lang='grc'><strong>178,·</strong></span> <span class='ocrx_word' id='word_1_97' title='bbox 2352 1756 2639 1811; x_wconf 75' lang='lat' dir='ltr'>Dueloesne</span> <span class='ocrx_word' id='word_1_98' title='bbox 2675 1757 2795 1812; x_wconf 81' lang='lat' dir='ltr'>Lib.</span> <span class='ocrx_word' id='word_1_99' title='bbox 2814 1758 3015 1825; x_wconf 71' lang='lat' dir='ltr'>pontif.</span> <span class='ocrx_word' id='word_1_100' title='bbox 3043 1757 3116 1811; x_wconf 92' lang='grc' dir='ltr'>ΙΙ</span> <span class='ocrx_word' id='word_1_101' title='bbox 3128 1760 3276 1819; x_wconf 84' lang='grc'><strong>383).</strong></span> <span class='ocrx_word' id='word_1_102' title='bbox 3315 1789 3385 1797; x_wconf 91' lang='grc'><strong>-</strong></span> <span class='ocrx_word' id='word_1_103' title='bbox 3426 1758 3551 1826; x_wconf 66' lang='lat' dir='ltr'>Ray.</span> <span class='ocrx_word' id='word_1_104' title='bbox 3575 1755 3668 1811; x_wconf 87' lang='lat' dir='ltr'>JL.</span> <span class='ocrx_word' id='word_1_105' title='bbox 3692 1788 3750 1808; x_wconf 92' lang='lat'>—.</span> 
     </span>
    </p>

    <p class='ocr_par' dir='ltr' id='par_1_7' title="bbox 1011 1851 3752 2082">
     <span class='ocr_line' id='line_1_13' title="bbox 1011 1851 3752 1923; baseline -0.001 -17"><span class='ocrx_word' id='word_1_106' title='bbox 1011 1872 1016 1878; x_wconf 89' lang='lat'><strong>·</strong></span> <span class='ocrx_word' id='word_1_107' title='bbox 1274 1854 1336 1906; x_wconf 88' lang='lat' dir='ltr'>In</span> <span class='ocrx_word' id='word_1_108' title='bbox 1373 1853 1508 1907; x_wconf 89' lang='lat' dir='ltr'>Vita</span> <span class='ocrx_word' id='word_1_109' title='bbox 1559 1852 1868 1907; x_wconf 89' lang='lat' dir='ltr'>Innocentii</span> <span class='ocrx_word' id='word_1_110' title='bbox 1915 1854 1959 1906; x_wconf 88' lang='lat'>11</span> <span class='ocrx_word' id='word_1_111' title='bbox 2012 1851 2094 1907; x_wconf 86' lang='lat' dir='ltr'>sic</span> <span class='ocrx_word' id='word_1_112' title='bbox 2143 1870 2230 1907; x_wconf 85' lang='lat' dir='ltr'>res</span> <span class='ocrx_word' id='word_1_113' title='bbox 2276 1852 2627 1907; x_wconf 77' lang='lat' dir='ltr'>inscribitur:</span> <span class='ocrx_word' id='word_1_114' title='bbox 2680 1853 2785 1907; x_wconf 87' lang='lat' dir='ltr'>Hic</span> <span class='ocrx_word' id='word_1_115' title='bbox 2824 1854 3021 1906; x_wconf 86' lang='lat' dir='ltr'>beatus</span> <span class='ocrx_word' id='word_1_116' title='bbox 3058 1853 3309 1923; x_wconf 83' lang='lat' dir='ltr'>pontifex</span> <span class='ocrx_word' id='word_1_117' title='bbox 3347 1851 3594 1907; x_wconf 77' lang='lat' dir='ltr'>annuale</span> <span class='ocrx_word' id='word_1_118' title='bbox 3625 1851 3752 1905; x_wconf 83' lang='lat' dir='ltr'>bene-</span> 
     </span>
     <span class='ocr_line' id='line_1_14' title="bbox 1099 1937 3751 2009; baseline -0.001 -17"><span class='ocrx_word' id='word_1_119' title='bbox 1099 1937 1301 2005; x_wconf 86' lang='lat' dir='ltr'>ficium,</span> <span class='ocrx_word' id='word_1_120' title='bbox 1341 1939 1383 1993; x_wconf 90' lang='lat' dir='ltr'>C</span> <span class='ocrx_word' id='word_1_121' title='bbox 1412 1939 1677 1994; x_wconf 81' lang='lat' dir='ltr'>videlicet</span> <span class='ocrx_word' id='word_1_122' title='bbox 1702 1939 1971 1994; x_wconf 86' lang='lat' dir='ltr'>librarum</span> <span class='ocrx_word' id='word_1_123' title='bbox 2002 1937 2232 2009; x_wconf 84' lang='lat' dir='ltr'>Papien.</span> <span class='ocrx_word' id='word_1_124' title='bbox 2259 1944 2531 2003; x_wconf 81' lang='lat' dir='ltr'>monetae,</span> <span class='ocrx_word' id='word_1_125' title='bbox 2571 1939 2850 1994; x_wconf 83' lang='lat' dir='ltr'>iudicibus</span> <span class='ocrx_word' id='word_1_126' title='bbox 2886 1945 2945 1994; x_wconf 86' lang='lat' dir='ltr'>et</span> <span class='ocrx_word' id='word_1_127' title='bbox 2980 1939 3270 1994; x_wconf 84' lang='lat' dir='ltr'>advocatis</span> <span class='ocrx_word' id='word_1_128' title='bbox 3308 1939 3598 1994; x_wconf 79' lang='lat' dir='ltr'>Romanae</span> <span class='ocrx_word' id='word_1_129' title='bbox 3630 1938 3751 1992; x_wconf 83' lang='lat' dir='ltr'>urbis</span> 
     </span>
     <span class='ocr_line' id='line_1_15' title="bbox 1098 2025 1913 2082; baseline 0.002 -3"><span class='ocrx_word' id='word_1_130' title='bbox 1098 2025 1167 2079; x_wconf 89' lang='lat' dir='ltr'>de</span> <span class='ocrx_word' id='word_1_131' title='bbox 1205 2042 1424 2081; x_wconf 83' lang='lat' dir='ltr'>camera</span> <span class='ocrx_word' id='word_1_132' title='bbox 1459 2043 1560 2081; x_wconf 86' lang='lat' dir='ltr'>sua</span> <span class='ocrx_word' id='word_1_133' title='bbox 1599 2026 1913 2082; x_wconf 86' lang='lat' dir='ltr'>constituit.</span> 
     </span>
    </p>
   </div>
   <div class='ocr_carea' id='block_1_6' title="bbox 889 2123 3752 2519">
    <p class='ocr_par' dir='ltr' id='par_1_8' title="bbox 889 2123 3752 2519">
     <span class='ocr_line' id='line_1_16' title="bbox 889 2123 3661 2187; baseline -0.001 0"><span class='ocrx_word' id='word_1_134' title='bbox 889 2123 971 2187; x_wconf 80' lang='lat'>*7</span> <span class='ocrx_word' id='word_1_135' title='bbox 3508 2124 3661 2186; x_wconf 73' lang='lat'><strong><em>1144</em></strong></span> 
     </span>
     <span class='ocr_line' id='line_1_17' title="bbox 890 2123 3751 2313; baseline -0.002 -22"><span class='ocrx_word' id='word_1_136' title='bbox 890 2228 1178 2291; x_wconf 89' lang='lat' dir='ltr'>Lucius</span> <span class='ocrx_word' id='word_1_137' title='bbox 1223 2227 1288 2291; x_wconf 93' lang='lat'>11</span> <span class='ocrx_word' id='word_1_138' title='bbox 1336 2232 1699 2311; x_wconf 80' lang='lat' dir='ltr'>senatores,</span> <span class='ocrx_word' id='word_1_139' title='bbox 1756 2227 1864 2311; x_wconf 93' lang='lat' dir='ltr'>qui</span> <span class='ocrx_word' id='word_1_140' title='bbox 1919 2234 2142 2292; x_wconf 88' lang='lat' dir='ltr'>contra</span> <span class='ocrx_word' id='word_1_141' title='bbox 2186 2225 2685 2312; x_wconf 83' lang='lat' dir='ltr'>prohibitionem</span> <span class='ocrx_word' id='word_1_142' title='bbox 2731 2226 3086 2292; x_wconf 86' lang='lat' dir='ltr'>decessoris</span> <span class='ocrx_word' id='word_1_143' title='bbox 3129 2230 3224 2292; x_wconf 91' lang='lat' dir='ltr'>sui</span> <span class='ocrx_word' id='word_1_144' title='bbox 3271 2250 3384 2313; x_wconf 89' lang='lat' dir='ltr'>pp.</span> <span class='ocrx_word' id='word_1_145' title='bbox 3434 2123 3751 2290; x_wconf 52' lang='lat' dir='ltr'>Ignoceiitii</span> 
     </span>
     <span class='ocr_line' id='line_1_18' title="bbox 891 2329 3752 2417; baseline -0.001 -22"><span class='ocrx_word' id='word_1_146' title='bbox 891 2331 1280 2415; x_wconf 84' lang='lat' dir='ltr'>Capitolium</span> <span class='ocrx_word' id='word_1_147' title='bbox 1342 2331 1775 2396; x_wconf 86' lang='lat' dir='ltr'>conscendere</span> <span class='ocrx_word' id='word_1_148' title='bbox 1841 2337 1907 2395; x_wconf 91' lang='lat' dir='ltr'>et</span> <span class='ocrx_word' id='word_1_149' title='bbox 1973 2334 2420 2416; x_wconf 87' lang='lat' dir='ltr'>magistratum</span> <span class='ocrx_word' id='word_1_150' title='bbox 2491 2329 2610 2394; x_wconf 87' lang='lat' dir='ltr'>sibi</span> <span class='ocrx_word' id='word_1_151' title='bbox 2679 2352 2989 2417; x_wconf 90' lang='lat' dir='ltr'>usurpare</span> <span class='ocrx_word' id='word_1_152' title='bbox 3052 2338 3649 2417; x_wconf 88' lang='lat' dir='ltr'>praesumpserunt,</span> <span class='ocrx_word' id='word_1_153' title='bbox 3702 2334 3752 2392; x_wconf 84' lang='lat' dir='ltr'>et</span> 
     </span>
     <span class='ocr_line' id='line_1_19' title="bbox 891 2433 2822 2519; baseline 0.001 -20"><span class='ocrx_word' id='word_1_154' title='bbox 891 2434 972 2499; x_wconf 90' lang='lat' dir='ltr'>de</span> <span class='ocrx_word' id='word_1_155' title='bbox 1019 2436 1342 2519; x_wconf 83' lang='lat' dir='ltr'>Capitolio</span> <span class='ocrx_word' id='word_1_156' title='bbox 1389 2433 1787 2500; x_wconf 90' lang='lat' dir='ltr'>descendere</span> <span class='ocrx_word' id='word_1_157' title='bbox 1834 2442 1900 2499; x_wconf 88' lang='lat' dir='ltr'>et</span> <span class='ocrx_word' id='word_1_158' title='bbox 1945 2443 2240 2500; x_wconf 90' lang='lat' dir='ltr'>senatum</span> <span class='ocrx_word' id='word_1_159' title='bbox 2288 2433 2584 2500; x_wconf 87' lang='lat' dir='ltr'>abiurare</span> <span class='ocrx_word' id='word_1_160' title='bbox 2629 2436 2822 2519; x_wconf 84' lang='lat' dir='ltr'>cogit.</span> 
     </span>
    </p>
   </div>
   <div class='ocr_carea' id='block_1_7' title="bbox 1096 2544 3748 2615">
    <p class='ocr_par' dir='ltr' id='par_1_9' title="bbox 1096 2544 3748 2615">
     <span class='ocr_line' id='line_1_20' title="bbox 1096 2544 3748 2615; baseline -0.001 -16"><span class='ocrx_word' id='word_1_161' title='bbox 1096 2546 1276 2601; x_wconf 70' lang='lat' dir='ltr'>Laud.</span> <span class='ocrx_word' id='word_1_162' title='bbox 1302 2547 1364 2600; x_wconf 65' lang='lat' dir='ltr'>in</span> <span class='ocrx_word' id='word_1_163' title='bbox 1389 2546 1516 2602; x_wconf 64' lang='lat' dir='ltr'>Vita</span> <span class='ocrx_word' id='word_1_164' title='bbox 1545 2547 1707 2600; x_wconf 66' lang='lat' dir='ltr'>Lucu·</span> <span class='ocrx_word' id='word_1_165' title='bbox 1732 2546 1800 2599; x_wconf 93' lang='lat'>11</span> <span class='ocrx_word' id='word_1_166' title='bbox 1819 2546 2579 2614; x_wconf 64' lang='lat' dir='ltr'>am.30m(1.ffi.pont;fi</span> <span class='ocrx_word' id='word_1_167' title='bbox 2604 2545 2681 2600; x_wconf 71' lang='grc' dir='ltr'>αι.</span> <span class='ocrx_word' id='word_1_168' title='bbox 2720 2546 3001 2600; x_wconf 58' lang='lat' dir='ltr'>mamma</span> <span class='ocrx_word' id='word_1_169' title='bbox 3036 2546 3105 2600; x_wconf 81' lang='lat' dir='ltr'><strong><em>H</em></strong></span> <span class='ocrx_word' id='word_1_170' title='bbox 3133 2550 3270 2614; x_wconf 86' lang='lat'>386).</span> <span class='ocrx_word' id='word_1_171' title='bbox 3309 2577 3376 2586; x_wconf 93' lang='lat'><em>-</em></span> <span class='ocrx_word' id='word_1_172' title='bbox 3417 2544 3748 2615; x_wconf 65' lang='lat' dir='ltr'>1209.J1;.-.</span> 
     </span>
    </p>
   </div>
   <div class='ocr_carea' id='block_1_8' title="bbox 1097 2627 3750 2872">
    <p class='ocr_par' dir='ltr' id='par_1_10' title="bbox 1097 2627 3750 2872">
     <span class='ocr_line' id='line_1_21' title="bbox 1267 2627 3750 2713; baseline -0.002 -17"><span class='ocrx_word' id='word_1_173' title='bbox 1267 2642 1639 2713; x_wconf 85' lang='lat' dir='ltr'>Gregorovius</span> <span class='ocrx_word' id='word_1_174' title='bbox 1679 2645 1700 2676; x_wconf 77' lang='lat'><strong>⁴</strong></span> <span class='ocrx_word' id='word_1_175' title='bbox 1728 2642 1803 2695; x_wconf 91' lang='lat' dir='ltr'>IV</span> <span class='ocrx_word' id='word_1_176' title='bbox 1840 2642 1958 2705; x_wconf 96' lang='grc'><strong>463,</strong></span> <span class='ocrx_word' id='word_1_177' title='bbox 1997 2642 2285 2696; x_wconf 83' lang='lat' dir='ltr'>Duchesne</span> <span class='ocrx_word' id='word_1_178' title='bbox 2322 2641 2359 2695; x_wconf 91' lang='lat' dir='ltr'>l.</span> <span class='ocrx_word' id='word_1_179' title='bbox 2385 2658 2431 2695; x_wconf 92' lang='lat' dir='ltr'>c.</span> <span class='ocrx_word' id='word_1_180' title='bbox 2469 2641 2681 2709; x_wconf 89' lang='lat' dir='ltr'>aliique</span> <span class='ocrx_word' id='word_1_181' title='bbox 2718 2640 2863 2695; x_wconf 90' lang='lat' dir='ltr'>hanc</span> <span class='ocrx_word' id='word_1_182' title='bbox 2910 2640 3170 2697; x_wconf 85' lang='lat' dir='ltr'>notitiam</span> <span class='ocrx_word' id='word_1_183' title='bbox 3216 2627 3545 2713; x_wconf 81' lang='lat' dir='ltr'>longissime</span> <span class='ocrx_word' id='word_1_184' title='bbox 3582 2659 3616 2695; x_wconf 87' lang='lat' dir='ltr'>a</span> <span class='ocrx_word' id='word_1_185' title='bbox 3649 2656 3750 2694; x_wconf 80' lang='lat' dir='ltr'>vero</span> 
     </span>
     <span class='ocr_line' id='line_1_22' title="bbox 1097 2727 3749 2799; baseline -0 -16"><span class='ocrx_word' id='word_1_186' title='bbox 1097 2730 1290 2783; x_wconf 82' lang='lat' dir='ltr'>abesse</span> <span class='ocrx_word' id='word_1_187' title='bbox 1326 2734 1552 2799; x_wconf 85' lang='lat' dir='ltr'>putant,</span> <span class='ocrx_word' id='word_1_188' title='bbox 1588 2747 1758 2798; x_wconf 90' lang='lat' dir='ltr'>quum</span> <span class='ocrx_word' id='word_1_189' title='bbox 1798 2728 2000 2783; x_wconf 89' lang='lat' dir='ltr'>Lucius</span> <span class='ocrx_word' id='word_1_190' title='bbox 2026 2730 2077 2782; x_wconf 93' lang='lat'>11</span> <span class='ocrx_word' id='word_1_191' title='bbox 2118 2727 2464 2797; x_wconf 80' lang='lat' dir='ltr'>Capitolium</span> <span class='ocrx_word' id='word_1_192' title='bbox 2497 2727 2756 2782; x_wconf 87' lang='lat' dir='ltr'>obsidens</span> <span class='ocrx_word' id='word_1_193' title='bbox 2781 2744 3042 2797; x_wconf 85' lang='lat' dir='ltr'>magnam</span> <span class='ocrx_word' id='word_1_194' title='bbox 3067 2728 3355 2798; x_wconf 86' lang='lat' dir='ltr'>acceperit</span> <span class='ocrx_word' id='word_1_195' title='bbox 3380 2728 3749 2789; x_wconf 72' lang='lat' dir='ltr'>calamitatem</span> 
     </span>
     <span class='ocr_line' id='line_1_23' title="bbox 1103 2812 3749 2872; baseline 0 -5"><span class='ocrx_word' id='word_1_196' title='bbox 1103 2814 1468 2868; x_wconf 85' lang='lat' dir='ltr'>Giesebrecht</span> <span class='ocrx_word' id='word_1_197' title='bbox 1520 2814 1856 2870; x_wconf 79' lang='lat' dir='ltr'>(leschicbte</span> <span class='ocrx_word' id='word_1_198' title='bbox 1910 2816 2007 2871; x_wconf 91' lang='lat' dir='ltr'>der</span> <span class='ocrx_word' id='word_1_199' title='bbox 2063 2816 2368 2870; x_wconf 83' lang='lat' dir='ltr'>deutschen</span> <span class='ocrx_word' id='word_1_200' title='bbox 2426 2815 2732 2870; x_wconf 82' lang='lat' dir='ltr'>Kaiserzeit</span> <span class='ocrx_word' id='word_1_201' title='bbox 2784 2816 2860 2869; x_wconf 90' lang='lat' dir='ltr'>IV</span> <span class='ocrx_word' id='word_1_202' title='bbox 2914 2817 3034 2871; x_wconf 96' lang='grc'><strong>223.</strong></span> <span class='ocrx_word' id='word_1_203' title='bbox 3077 2816 3182 2870; x_wconf 82' lang='grc'><strong>469</strong></span> <span class='ocrx_word' id='word_1_204' title='bbox 3243 2820 3303 2872; x_wconf 89' lang='lat' dir='ltr'>et</span> <span class='ocrx_word' id='word_1_205' title='bbox 3340 2817 3430 2872; x_wconf 87' lang='lat' dir='ltr'>W.</span> <span class='ocrx_word' id='word_1_206' title='bbox 3478 2812 3749 2871; x_wconf 82' lang='lat' dir='ltr'>Bernhardi</span> 
     </span>
    </p>
   </div>
   <div class='ocr_carea' id='block_1_9' title="bbox 1109 2899 3747 2973">
    <p class='ocr_par' dir='ltr' id='par_1_11' title="bbox 1109 2899 3747 2973">
     <span class='ocr_line' id='line_1_24' title="bbox 1109 2899 3747 2973; baseline -0.002 -18"><span class='ocrx_word' id='word_1_207' title='bbox 1109 2901 1333 2955; x_wconf 84' lang='lat' dir='ltr'>Konrad</span> <span class='ocrx_word' id='word_1_208' title='bbox 1370 2901 1448 2955; x_wconf 83' lang='grc' dir='ltr'>ΙΙΙ</span> <span class='ocrx_word' id='word_1_209' title='bbox 1488 2905 1530 2957; x_wconf 92' lang='lat' dir='ltr'>t.</span> <span class='ocrx_word' id='word_1_210' title='bbox 1557 2902 1581 2955; x_wconf 93' lang='lat'>1</span> <span class='ocrx_word' id='word_1_211' title='bbox 1618 2903 1723 2958; x_wconf 81' lang='lat'>450</span> <span class='ocrx_word' id='word_1_212' title='bbox 1763 2907 1951 2958; x_wconf 86' lang='lat' dir='ltr'>autem</span> <span class='ocrx_word' id='word_1_213' title='bbox 2000 2902 2235 2958; x_wconf 83' lang='lat' dir='ltr'>notitias</span> <span class='ocrx_word' id='word_1_214' title='bbox 2270 2904 2339 2958; x_wconf 91' lang='lat' dir='ltr'>de</span> <span class='ocrx_word' id='word_1_215' title='bbox 2374 2920 2433 2958; x_wconf 93' lang='lat' dir='ltr'>re</span> <span class='ocrx_word' id='word_1_216' title='bbox 2470 2903 2621 2957; x_wconf 85' lang='lat' dir='ltr'>inter</span> <span class='ocrx_word' id='word_1_217' title='bbox 2655 2920 2715 2957; x_wconf 90' lang='lat' dir='ltr'>se</span> <span class='ocrx_word' id='word_1_218' title='bbox 2751 2902 3130 2957; x_wconf 87' lang='lat' dir='ltr'>discordantes</span> <span class='ocrx_word' id='word_1_219' title='bbox 3167 2920 3503 2973; x_wconf 82' lang='lat' dir='ltr'>componere</span> <span class='ocrx_word' id='word_1_220' title='bbox 3538 2899 3747 2955; x_wconf 83' lang='lat' dir='ltr'>student.</span> 
     </span>
    </p>
   </div>
   <div class='ocr_carea' id='block_1_10' title="bbox 890 3024 3750 3320">
    <p class='ocr_par' dir='ltr' id='par_1_12' title="bbox 890 3024 3750 3320">
     <span class='ocr_line' id='line_1_25' title="bbox 896 3024 3680 3089; baseline -0 -2"><span class='ocrx_word' id='word_1_221' title='bbox 896 3026 978 3087; x_wconf 76' lang='lat'>*8</span> <span class='ocrx_word' id='word_1_222' title='bbox 3351 3024 3523 3089; x_wconf 81' lang='lat'><strong><em>1145</em></strong></span> <span class='ocrx_word' id='word_1_223' title='bbox 3566 3024 3680 3087; x_wconf 74' lang='lat' dir='ltr'>dcc.</span> 
     </span>
     <span class='ocr_line' id='line_1_26' title="bbox 890 3127 3750 3215; baseline -0.003 -21"><span class='ocrx_word' id='word_1_224' title='bbox 890 3129 1102 3213; x_wconf 82' lang='lat' dir='ltr'>Euge</span> <span class='ocrx_word' id='word_1_225' title='bbox 1119 3129 1299 3192; x_wconf 90' lang='lat' dir='ltr'>nius</span> <span class='ocrx_word' id='word_1_226' title='bbox 1342 3127 1447 3192; x_wconf 91' lang='grc' dir='ltr'>ΠΙ</span> <span class='ocrx_word' id='word_1_227' title='bbox 1491 3149 1718 3214; x_wconf 89' lang='lat' dir='ltr'>pacem</span> <span class='ocrx_word' id='word_1_228' title='bbox 1766 3151 1908 3194; x_wconf 90' lang='lat' dir='ltr'>cum</span> <span class='ocrx_word' id='word_1_229' title='bbox 1941 3131 2253 3195; x_wconf 87' lang='lat' dir='ltr'>Romanis</span> <span class='ocrx_word' id='word_1_230' title='bbox 2282 3132 2417 3213; x_wconf 85' lang='lat' dir='ltr'>init,</span> <span class='ocrx_word' id='word_1_231' title='bbox 2464 3137 2534 3193; x_wconf 90' lang='lat' dir='ltr'>ut</span> <span class='ocrx_word' id='word_1_232' title='bbox 2563 3131 2937 3214; x_wconf 89' lang='lat' dir='ltr'>patriciatus</span> <span class='ocrx_word' id='word_1_233' title='bbox 2968 3130 3349 3215; x_wconf 87' lang='lat' dir='ltr'>dignitatem</span> <span class='ocrx_word' id='word_1_234' title='bbox 3380 3129 3750 3194; x_wconf 82' lang='lat' dir='ltr'>exfestncent</span> 
     </span>
     <span class='ocr_line' id='line_1_27' title="bbox 892 3229 3750 3320; baseline -0.003 -22"><span class='ocrx_word' id='word_1_235' title='bbox 892 3240 958 3298; x_wconf 91' lang='lat' dir='ltr'>et</span> <span class='ocrx_word' id='word_1_236' title='bbox 1003 3233 1404 3317; x_wconf 86' lang='lat' dir='ltr'>praefectum</span> <span class='ocrx_word' id='word_1_237' title='bbox 1453 3235 1516 3296; x_wconf 91' lang='lat' dir='ltr'>in</span> <span class='ocrx_word' id='word_1_238' title='bbox 1562 3235 1893 3317; x_wconf 87' lang='lat' dir='ltr'>pristinam</span> <span class='ocrx_word' id='word_1_239' title='bbox 1943 3234 2323 3320; x_wconf 86' lang='lat' dir='ltr'>dignitatem</span> <span class='ocrx_word' id='word_1_240' title='bbox 2370 3235 2714 3319; x_wconf 87' lang='lat' dir='ltr'>recipiant,</span> <span class='ocrx_word' id='word_1_241' title='bbox 2762 3241 3092 3299; x_wconf 89' lang='lat' dir='ltr'>senatores</span> <span class='ocrx_word' id='word_1_242' title='bbox 3135 3255 3290 3299; x_wconf 82' lang='lat' dir='ltr'>vero</span> <span class='ocrx_word' id='word_1_243' title='bbox 3336 3256 3421 3299; x_wconf 86' lang='lat' dir='ltr'>ex</span> <span class='ocrx_word' id='word_1_244' title='bbox 3468 3229 3750 3319; x_wconf 84' lang='lat' dir='ltr'>pontificis</span> 
     </span>
    </p>
   </div>
   <div class='ocr_carea' id='block_1_11' title="bbox 891 3339 1601 3401">
    <p class='ocr_par' dir='ltr' id='par_1_13' title="bbox 891 3339 1601 3401">
     <span class='ocr_line' id='line_1_28' title="bbox 891 3339 1601 3401; baseline 0.001 -1"><span class='ocrx_word' id='word_1_245' title='bbox 891 3339 1273 3401; x_wconf 88' lang='lat' dir='ltr'>auctoritate</span> <span class='ocrx_word' id='word_1_246' title='bbox 1321 3343 1601 3401; x_wconf 91' lang='lat' dir='ltr'>teneant.</span> 
     </span>
    </p>
   </div>
   <div class='ocr_carea' id='block_1_12' title="bbox 1101 3447 2911 3520">
    <p class='ocr_par' dir='ltr' id='par_1_14' title="bbox 1101 3447 2911 3520">
     <span class='ocr_line' id='line_1_29' title="bbox 1101 3447 2911 3520; baseline 0.002 -18"><span class='ocrx_word' id='word_1_247' title='bbox 1101 3448 1308 3502; x_wconf 74' lang='lat' dir='ltr'>Oltonis</span> <span class='ocrx_word' id='word_1_248' title='bbox 1349 3447 1660 3518; x_wconf 70' lang='lat' dir='ltr'>Frisinqen.</span> <span class='ocrx_word' id='word_1_249' title='bbox 1701 3449 1894 3502; x_wconf 75' lang='lat' dir='ltr'>Clu-on.</span> <span class='ocrx_word' id='word_1_250' title='bbox 1932 3449 2017 3503; x_wconf 66' lang='lat' dir='ltr'>zib.</span> <span class='ocrx_word' id='word_1_251' title='bbox 2050 3449 2212 3504; x_wconf 87' lang='lat' dir='ltr'><strong><em>VIII</em></strong></span> <span class='ocrx_word' id='word_1_252' title='bbox 2236 3467 2279 3504; x_wconf 90' lang='lat' dir='ltr'>c.</span> <span class='ocrx_word' id='word_1_253' title='bbox 2298 3456 2379 3506; x_wconf 83' lang='grc'><strong>34.</strong></span> <span class='ocrx_word' id='word_1_254' title='bbox 2418 3481 2485 3490; x_wconf 96' lang='lat'><strong>—</strong></span> <span class='ocrx_word' id='word_1_255' title='bbox 2523 3451 2651 3520; x_wconf 74' lang='lat' dir='ltr'>Req.</span> <span class='ocrx_word' id='word_1_256' title='bbox 2675 3449 2793 3506; x_wconf 88' lang='lat' dir='ltr'>JL.</span> <span class='ocrx_word' id='word_1_257' title='bbox 2829 3480 2911 3506; x_wconf 90' lang='lat'>—.</span> 
     </span>
    </p>
   </div>
   <div class='ocr_carea' id='block_1_13' title="bbox 1098 3542 3748 3790">
    <p class='ocr_par' dir='ltr' id='par_1_15' title="bbox 1098 3542 3748 3790">
     <span class='ocr_line' id='line_1_30' title="bbox 1275 3542 3748 3616; baseline -0.001 -19"><span class='ocrx_word' id='word_1_258' title='bbox 1275 3545 1344 3598; x_wconf 84' lang='lat' dir='ltr'>cf.</span> <span class='ocrx_word' id='word_1_259' title='bbox 1371 3544 1564 3598; x_wconf 83' lang='lat' dir='ltr'>Vitam</span> <span class='ocrx_word' id='word_1_260' title='bbox 1600 3543 1841 3614; x_wconf 88' lang='lat' dir='ltr'>Eugenii</span> <span class='ocrx_word' id='word_1_261' title='bbox 1878 3545 1958 3598; x_wconf 90' lang='grc' dir='ltr'>ΙΙΙ</span> <span class='ocrx_word' id='word_1_262' title='bbox 1997 3550 2147 3600; x_wconf 88' lang='lat' dir='ltr'>auct.</span> <span class='ocrx_word' id='word_1_263' title='bbox 2188 3547 2401 3601; x_wconf 86' lang='lat' dir='ltr'>Bosone</span> <span class='ocrx_word' id='word_1_264' title='bbox 2436 3547 2577 3614; x_wconf 91' lang='lat' dir='ltr'>(Lib.</span> <span class='ocrx_word' id='word_1_265' title='bbox 2616 3545 2817 3615; x_wconf 83' lang='lat' dir='ltr'>pontif.</span> <span class='ocrx_word' id='word_1_266' title='bbox 2843 3546 2928 3601; x_wconf 92' lang='lat' dir='ltr'>ed.</span> <span class='ocrx_word' id='word_1_267' title='bbox 2954 3545 3476 3602; x_wconf 77' lang='lat' dir='ltr'>Duchesne11387:</span> <span class='ocrx_word' id='word_1_268' title='bbox 3514 3542 3748 3616; x_wconf 87' lang='lat' dir='ltr'>populum</span> 
     </span>
     <span class='ocr_line' id='line_1_31' title="bbox 1098 3629 3747 3703; baseline -0 -19"><span class='ocrx_word' id='word_1_269' title='bbox 1098 3629 1281 3701; x_wconf 89' lang='lat' dir='ltr'>ipsum</span> <span class='ocrx_word' id='word_1_270' title='bbox 1318 3631 1458 3686; x_wconf 89' lang='lat' dir='ltr'>adeo</span> <span class='ocrx_word' id='word_1_271' title='bbox 1494 3631 1750 3686; x_wconf 87' lang='lat' dir='ltr'>districte</span> <span class='ocrx_word' id='word_1_272' title='bbox 1797 3632 2010 3702; x_wconf 86' lang='lat' dir='ltr'>coegit,</span> <span class='ocrx_word' id='word_1_273' title='bbox 2067 3633 2216 3701; x_wconf 90' lang='lat' dir='ltr'>quod</span> <span class='ocrx_word' id='word_1_274' title='bbox 2261 3651 2385 3688; x_wconf 90' lang='lat' dir='ltr'>eum</span> <span class='ocrx_word' id='word_1_275' title='bbox 2434 3636 2714 3703; x_wconf 69' lang='lat' dir='ltr'>pastorem</span> <span class='ocrx_word' id='word_1_276' title='bbox 2761 3633 3047 3702; x_wconf 89' lang='lat' dir='ltr'>proprium</span> <span class='ocrx_word' id='word_1_277' title='bbox 3094 3636 3154 3687; x_wconf 91' lang='lat' dir='ltr'>et</span> <span class='ocrx_word' id='word_1_278' title='bbox 3195 3632 3507 3687; x_wconf 81' lang='lat' dir='ltr'>animarum</span> <span class='ocrx_word' id='word_1_279' title='bbox 3555 3644 3747 3684; x_wconf 82' lang='lat' dir='ltr'>suarum</span> 
     </span>
     <span class='ocr_line' id='line_1_32' title="bbox 1100 3715 3748 3790; baseline -0.002 -19"><span class='ocrx_word' id='word_1_280' title='bbox 1100 3717 1423 3790; x_wconf 82' lang='lat' dir='ltr'>episcopum</span> <span class='ocrx_word' id='word_1_281' title='bbox 1449 3723 1869 3788; x_wconf 85' lang='lat' dir='ltr'>recognosceret</span> <span class='ocrx_word' id='word_1_282' title='bbox 1894 3723 1956 3773; x_wconf 90' lang='lat' dir='ltr'>et</span> <span class='ocrx_word' id='word_1_283' title='bbox 1979 3719 2053 3773; x_wconf 88' lang='lat' dir='ltr'>ad</span> <span class='ocrx_word' id='word_1_284' title='bbox 2080 3719 2427 3774; x_wconf 88' lang='lat' dir='ltr'>concordiam</span> <span class='ocrx_word' id='word_1_285' title='bbox 2466 3721 2525 3772; x_wconf 86' lang='lat' dir='ltr'>et</span> <span class='ocrx_word' id='word_1_286' title='bbox 2549 3736 2745 3789; x_wconf 88' lang='lat' dir='ltr'>pacem</span> <span class='ocrx_word' id='word_1_287' title='bbox 2771 3718 2890 3772; x_wconf 89' lang='lat' dir='ltr'>eius</span> <span class='ocrx_word' id='word_1_288' title='bbox 2915 3736 3039 3773; x_wconf 91' lang='lat' dir='ltr'>cum</span> <span class='ocrx_word' id='word_1_289' title='bbox 3065 3719 3217 3773; x_wconf 90' lang='lat' dir='ltr'>omni</span> <span class='ocrx_word' id='word_1_290' title='bbox 3241 3720 3539 3775; x_wconf 78' lang='lat' dir='ltr'>devotione</span> <span class='ocrx_word' id='word_1_291' title='bbox 3556 3715 3748 3771; x_wconf 81' lang='lat' dir='ltr'>rediret.</span> 
     </span>
    </p>
   </div>
   <div class='ocr_carea' id='block_1_14' title="bbox 893 3837 3746 4337">
    <p class='ocr_par' dir='ltr' id='par_1_16' title="bbox 893 3837 3746 4337">
     <span class='ocr_line' id='line_1_33' title="bbox 893 3837 3677 3925; baseline 0.001 -26"><span class='ocrx_word' id='word_1_292' title='bbox 893 3840 934 3899; x_wconf 87' lang='lat'><em>9</em></span> <span class='ocrx_word' id='word_1_293' title='bbox 3412 3837 3677 3925; x_wconf 66' lang='lat'><em>(11512)</em></span> 
     </span>
     <span class='ocr_line' id='line_1_34' title="bbox 894 3942 3746 4030; baseline -0.001 -24"><span class='ocrx_word' id='word_1_294' title='bbox 894 3943 1239 4007; x_wconf 84' lang='lat' dir='ltr'>Senatores</span> <span class='ocrx_word' id='word_1_295' title='bbox 1298 3942 1493 4008; x_wconf 89' lang='lat' dir='ltr'>Urbis</span> <span class='ocrx_word' id='word_1_296' title='bbox 1546 3943 1889 4029; x_wconf 88' lang='lat' dir='ltr'>Eugenio</span> <span class='ocrx_word' id='word_1_297' title='bbox 1937 3945 2040 4008; x_wconf 88' lang='lat'>111</span> <span class='ocrx_word' id='word_1_298' title='bbox 2095 3947 2505 4030; x_wconf 90' lang='lat' dir='ltr'>promittunt,</span> <span class='ocrx_word' id='word_1_299' title='bbox 2574 3968 2644 4010; x_wconf 90' lang='lat' dir='ltr'>se</span> <span class='ocrx_word' id='word_1_300' title='bbox 2699 3948 2759 4010; x_wconf 91' lang='lat' dir='ltr'>ei</span> <span class='ocrx_word' id='word_1_301' title='bbox 2825 3944 3205 4010; x_wconf 89' lang='lat' dir='ltr'>fidelitatem</span> <span class='ocrx_word' id='word_1_302' title='bbox 3264 3947 3580 4010; x_wconf 88' lang='lat' dir='ltr'>iuraturos</span> <span class='ocrx_word' id='word_1_303' title='bbox 3627 3960 3746 4005; x_wconf 90' lang='lat' dir='ltr'>cum</span> 
     </span>
     <span class='ocr_line' id='line_1_35' title="bbox 895 4044 3746 4135; baseline -0 -27"><span class='ocrx_word' id='word_1_304' title='bbox 895 4044 1209 4111; x_wconf 88' lang='lat' dir='ltr'>beneficio</span> <span class='ocrx_word' id='word_1_305' title='bbox 1257 4052 1380 4111; x_wconf 83' lang='lat'>500</span> <span class='ocrx_word' id='word_1_306' title='bbox 1413 4045 1739 4132; x_wconf 87' lang='lat' dir='ltr'>librarum,</span> <span class='ocrx_word' id='word_1_307' title='bbox 1786 4049 2032 4132; x_wconf 87' lang='lat' dir='ltr'>regalia</span> <span class='ocrx_word' id='word_1_308' title='bbox 2068 4051 2315 4134; x_wconf 88' lang='lat' dir='ltr'>integre</span> <span class='ocrx_word' id='word_1_309' title='bbox 2349 4052 2772 4134; x_wconf 87' lang='lat' dir='ltr'>restituturos,</span> <span class='ocrx_word' id='word_1_310' title='bbox 2804 4051 3146 4135; x_wconf 89' lang='lat' dir='ltr'>pecuniam</span> <span class='ocrx_word' id='word_1_311' title='bbox 3177 4048 3460 4114; x_wconf 89' lang='lat' dir='ltr'>ablatam</span> <span class='ocrx_word' id='word_1_312' title='bbox 3493 4044 3746 4114; x_wconf 84' lang='lat' dir='ltr'>ecclesiis</span> 
     </span>
     <span class='ocr_line' id='line_1_36' title="bbox 897 4147 3745 4237; baseline -0.001 -24"><span class='ocrx_word' id='word_1_313' title='bbox 897 4155 962 4214; x_wconf 91' lang='lat' dir='ltr'>et</span> <span class='ocrx_word' id='word_1_314' title='bbox 1009 4150 1333 4234; x_wconf 86' lang='lat' dir='ltr'>regalibus</span> <span class='ocrx_word' id='word_1_315' title='bbox 1379 4156 1445 4214; x_wconf 90' lang='lat' dir='ltr'>et</span> <span class='ocrx_word' id='word_1_316' title='bbox 1489 4152 1894 4216; x_wconf 87' lang='lat' dir='ltr'>fortitudines</span> <span class='ocrx_word' id='word_1_317' title='bbox 1942 4175 2163 4217; x_wconf 89' lang='lat' dir='ltr'>omnes</span> <span class='ocrx_word' id='word_1_318' title='bbox 2196 4161 2381 4218; x_wconf 86' lang='lat' dir='ltr'>extra</span> <span class='ocrx_word' id='word_1_319' title='bbox 2411 4153 2653 4220; x_wconf 89' lang='lat' dir='ltr'>Urbem</span> <span class='ocrx_word' id='word_1_320' title='bbox 2688 4155 3070 4237; x_wconf 84' lang='lat' dir='ltr'>reddituros,</span> <span class='ocrx_word' id='word_1_321' title='bbox 3102 4155 3487 4226; x_wconf 81' lang='lat' dir='ltr'>munitiones</span> <span class='ocrx_word' id='word_1_322' title='bbox 3531 4174 3576 4214; x_wconf 91' lang='lat' dir='ltr'>s.</span> <span class='ocrx_word' id='word_1_323' title='bbox 3608 4147 3745 4212; x_wconf 84' lang='lat' dir='ltr'>Gre-</span> 
     </span>
     <span class='ocr_line' id='line_1_37' title="bbox 897 4254 2412 4337; baseline 0.004 -21"><span class='ocrx_word' id='word_1_324' title='bbox 897 4255 1061 4337; x_wconf 87' lang='lat' dir='ltr'>gorii</span> <span class='ocrx_word' id='word_1_325' title='bbox 1108 4261 1175 4319; x_wconf 89' lang='lat' dir='ltr'>et</span> <span class='ocrx_word' id='word_1_326' title='bbox 1220 4256 1441 4318; x_wconf 91' lang='lat' dir='ltr'>turrim</span> <span class='ocrx_word' id='word_1_327' title='bbox 1490 4254 1571 4319; x_wconf 93' lang='lat' dir='ltr'>de</span> <span class='ocrx_word' id='word_1_328' title='bbox 1618 4254 1898 4320; x_wconf 82' lang='lat' dir='ltr'>Scalceis</span> <span class='ocrx_word' id='word_1_329' title='bbox 1945 4256 2204 4321; x_wconf 85' lang='lat' dir='ltr'>daturos</span> <span class='ocrx_word' id='word_1_330' title='bbox 2251 4279 2412 4322; x_wconf 88' lang='lat' dir='ltr'>csse.</span> 
     </span>
    </p>
   </div>
   <div class='ocr_carea' id='block_1_15' title="bbox 896 4363 3742 4526">
    <p class='ocr_par' dir='ltr' id='par_1_17' title="bbox 896 4363 3742 4526">
     <span class='ocr_line' id='line_1_38' title="bbox 1101 4363 3742 4438; baseline 0 -20"><span class='ocrx_word' id='word_1_331' title='bbox 1101 4365 1250 4421; x_wconf 78' lang='lat' dir='ltr'>Edd.</span> <span class='ocrx_word' id='word_1_332' title='bbox 1289 4367 1444 4421; x_wconf 79' lang='lat' dir='ltr'>Mon.</span> <span class='ocrx_word' id='word_1_333' title='bbox 1490 4367 1665 4423; x_wconf 81' lang='lat' dir='ltr'>Germ,</span> <span class='ocrx_word' id='word_1_334' title='bbox 1703 4368 1833 4437; x_wconf 74' lang='lat' dir='ltr'>Ley.</span> <span class='ocrx_word' id='word_1_335' title='bbox 1860 4369 1934 4421; x_wconf 92' lang='grc' dir='ltr'>ΙΙ</span> <span class='ocrx_word' id='word_1_336' title='bbox 1955 4375 2042 4423; x_wconf 88' lang='grc'>88.</span> <span class='ocrx_word' id='word_1_337' title='bbox 2102 4370 2388 4423; x_wconf 72' lang='lat' dir='ltr'>Wattm‘clz</span> <span class='ocrx_word' id='word_1_338' title='bbox 2420 4370 2571 4424; x_wconf 75' lang='lat' dir='ltr'>Vitae</span> <span class='ocrx_word' id='word_1_339' title='bbox 2600 4371 2799 4438; x_wconf 78' lang='lat' dir='ltr'>pontif.</span> <span class='ocrx_word' id='word_1_340' title='bbox 2836 4372 2911 4425; x_wconf 93' lang='lat' dir='ltr'>II</span> <span class='ocrx_word' id='word_1_341' title='bbox 2938 4377 3049 4426; x_wconf 82' lang='lat'>312.</span> <span class='ocrx_word' id='word_1_342' title='bbox 3121 4370 3269 4437; x_wconf 66' lang='lat' dir='ltr'>Jaffe</span> <span class='ocrx_word' id='word_1_343' title='bbox 3303 4369 3440 4423; x_wconf 71' lang='lat' dir='ltr'>Hibe.</span> <span class='ocrx_word' id='word_1_344' title='bbox 3473 4382 3575 4421; x_wconf 81' lang='lat' dir='ltr'>rer.</span> <span class='ocrx_word' id='word_1_345' title='bbox 3601 4363 3742 4418; x_wconf 74' lang='lat' dir='ltr'>Germ</span> 
     </span>
     <span class='ocr_line' id='line_1_39' title="bbox 896 4452 2923 4526; baseline 0.004 -22"><span class='ocrx_word' id='word_1_346' title='bbox 896 4452 1159 4507; x_wconf 76' lang='grc' dir='ltr'><strong>Ι48οπ.</strong></span> <span class='ocrx_word' id='word_1_347' title='bbox 1187 4459 1301 4508; x_wconf 85' lang='grc'><strong>347.</strong></span> <span class='ocrx_word' id='word_1_348' title='bbox 1374 4455 1526 4508; x_wconf 75' lang='lat' dir='ltr'>Mon.</span> <span class='ocrx_word' id='word_1_349' title='bbox 1554 4454 1728 4508; x_wconf 83' lang='lat' dir='ltr'>Germ.</span> <span class='ocrx_word' id='word_1_350' title='bbox 1757 4455 1935 4508; x_wconf 67' lang='lat' dir='ltr'>Consi.</span> <span class='ocrx_word' id='word_1_351' title='bbox 1974 4456 2232 4511; x_wconf 62' lang='lat'>118822.</span> <span class='ocrx_word' id='word_1_352' title='bbox 2261 4463 2370 4511; x_wconf 88' lang='grc'><strong>134.</strong></span> <span class='ocrx_word' id='word_1_353' title='bbox 2411 4488 2475 4496; x_wconf 87' lang='lat'><em>-</em></span> <span class='ocrx_word' id='word_1_354' title='bbox 2517 4457 2647 4526; x_wconf 71' lang='lat' dir='ltr'>Req.</span> <span class='ocrx_word' id='word_1_355' title='bbox 2684 4456 2803 4512; x_wconf 86' lang='lat' dir='ltr'>JL.</span> <span class='ocrx_word' id='word_1_356' title='bbox 2841 4489 2923 4513; x_wconf 95' lang='lat'>-—.</span> 
     </span>
    </p>
   </div>
   <div class='ocr_carea' id='block_1_16' title="bbox 1100 4529 3737 4706">
    <p class='ocr_par' dir='ltr' id='par_1_18' title="bbox 1100 4529 3737 4706">
     <span class='ocr_line' id='line_1_40' title="bbox 1271 4529 3737 4623; baseline -0.002 -20"><span class='ocrx_word' id='word_1_357' title='bbox 1271 4549 1338 4604; x_wconf 86' lang='lat' dir='ltr'>cf.</span> <span class='ocrx_word' id='word_1_358' title='bbox 1365 4549 1736 4621; x_wconf 86' lang='lat' dir='ltr'>Gregorovins</span> <span class='ocrx_word' id='word_1_359' title='bbox 1777 4554 1798 4585; x_wconf 77' lang='lat'><strong>⁴</strong></span> <span class='ocrx_word' id='word_1_360' title='bbox 1822 4551 1899 4604; x_wconf 90' lang='lat' dir='ltr'>IV</span> <span class='ocrx_word' id='word_1_361' title='bbox 1924 4552 2028 4606; x_wconf 81' lang='lat'>486</span> <span class='ocrx_word' id='word_1_362' title='bbox 2079 4556 2191 4607; x_wconf 86' lang='lat' dir='ltr'>not.</span> <span class='ocrx_word' id='word_1_363' title='bbox 2217 4554 2266 4607; x_wconf 87' lang='lat'>2.</span> <span class='ocrx_word' id='word_1_364' title='bbox 2353 4553 2464 4608; x_wconf 85' lang='lat' dir='ltr'>Alii</span> <span class='ocrx_word' id='word_1_365' title='bbox 2512 4553 2619 4608; x_wconf 91' lang='lat' dir='ltr'>hoc</span> <span class='ocrx_word' id='word_1_366' title='bbox 2664 4556 2896 4623; x_wconf 84' lang='lat' dir='ltr'>pactum</span> <span class='ocrx_word' id='word_1_367' title='bbox 2933 4553 3005 4608; x_wconf 89' lang='lat' dir='ltr'>ad</span> <span class='ocrx_word' id='word_1_368' title='bbox 3042 4571 3092 4608; x_wconf 86' lang='lat' dir='ltr'>a.</span> <span class='ocrx_word' id='word_1_369' title='bbox 3123 4529 3271 4616; x_wconf 79' lang='grc'><strong>1149,</strong></span> <span class='ocrx_word' id='word_1_370' title='bbox 3309 4550 3412 4605; x_wconf 88' lang='lat' dir='ltr'>alii</span> <span class='ocrx_word' id='word_1_371' title='bbox 3447 4550 3519 4604; x_wconf 85' lang='lat' dir='ltr'>ad</span> <span class='ocrx_word' id='word_1_372' title='bbox 3551 4565 3597 4602; x_wconf 90' lang='lat' dir='ltr'>a.</span> <span class='ocrx_word' id='word_1_373' title='bbox 3632 4542 3737 4600; x_wconf 84' lang='lat'>1151</span> 
     </span>
     <span class='ocr_line' id='line_1_41' title="bbox 1100 4635 1863 4706; baseline 0.007 -19"><span class='ocrx_word' id='word_1_374' title='bbox 1100 4635 1446 4690; x_wconf 85' lang='lat' dir='ltr'>referendum</span> <span class='ocrx_word' id='word_1_375' title='bbox 1482 4655 1602 4692; x_wconf 87' lang='lat' dir='ltr'>esse</span> <span class='ocrx_word' id='word_1_376' title='bbox 1637 4640 1863 4706; x_wconf 80' lang='lat' dir='ltr'>putant.</span> 
     </span>
    </p>
   </div>
   <div class='ocr_carea' id='block_1_17' title="bbox 893 4731 3739 5210">
    <p class='ocr_par' dir='ltr' id='par_1_19' title="bbox 893 4731 3739 5210">
     <span class='ocr_line' id='line_1_42' title="bbox 893 4731 3669 4798; baseline -0.001 -6"><span class='ocrx_word' id='word_1_377' title='bbox 893 4731 1017 4792; x_wconf 82' lang='lat'>*10</span> <span class='ocrx_word' id='word_1_378' title='bbox 3291 4733 3460 4797; x_wconf 82' lang='lat'><strong><em>1155</em></strong></span> <span class='ocrx_word' id='word_1_379' title='bbox 3503 4732 3669 4798; x_wconf 77' lang='lat' dir='ltr'>mart.</span> 
     </span>
     <span class='ocr_line' id='line_1_43' title="bbox 894 4825 3738 4924; baseline -0.002 -25"><span class='ocrx_word' id='word_1_380' title='bbox 894 4834 1352 4899; x_wconf 90' lang='lat' dir='ltr'>Hadrianus</span> <span class='ocrx_word' id='word_1_381' title='bbox 1397 4835 1494 4900; x_wconf 89' lang='lat' dir='ltr'>IV</span> <span class='ocrx_word' id='word_1_382' title='bbox 1554 4836 1848 4920; x_wconf 85' lang='lat' dir='ltr'>mandat,</span> <span class='ocrx_word' id='word_1_383' title='bbox 1917 4842 1987 4900; x_wconf 93' lang='lat' dir='ltr'>ut</span> <span class='ocrx_word' id='word_1_384' title='bbox 2053 4844 2382 4902; x_wconf 87' lang='lat' dir='ltr'>senatores</span> <span class='ocrx_word' id='word_1_385' title='bbox 2449 4860 2641 4923; x_wconf 91' lang='lat' dir='ltr'>super</span> <span class='ocrx_word' id='word_1_386' title='bbox 2702 4859 2885 4903; x_wconf 88' lang='lat' dir='ltr'>sacra</span> <span class='ocrx_word' id='word_1_387' title='bbox 2941 4837 3277 4924; x_wconf 81' lang='lat' dir='ltr'>evangelia</span> <span class='ocrx_word' id='word_1_388' title='bbox 3320 4839 3556 4919; x_wconf 87' lang='lat' dir='ltr'>iurent,</span> <span class='ocrx_word' id='word_1_389' title='bbox 3598 4825 3738 4917; x_wconf 91' lang='lat' dir='ltr'>quod</span> 
     </span>
     <span class='ocr_line' id='line_1_44' title="bbox 893 4936 3739 5026; baseline -0.001 -24"><span class='ocrx_word' id='word_1_390' title='bbox 893 4938 1253 5003; x_wconf 88' lang='lat' dir='ltr'>Arnaldum</span> <span class='ocrx_word' id='word_1_391' title='bbox 1313 4939 1710 5004; x_wconf 88' lang='lat' dir='ltr'>haereticum</span> <span class='ocrx_word' id='word_1_392' title='bbox 1771 4947 1838 5004; x_wconf 89' lang='lat' dir='ltr'>et</span> <span class='ocrx_word' id='word_1_393' title='bbox 1891 4941 2174 5026; x_wconf 91' lang='lat' dir='ltr'>reliquos</span> <span class='ocrx_word' id='word_1_394' title='bbox 2219 4942 2415 5025; x_wconf 86' lang='lat' dir='ltr'>ipsius</span> <span class='ocrx_word' id='word_1_395' title='bbox 2461 4950 2811 5007; x_wconf 89' lang='lat' dir='ltr'>sectatores</span> <span class='ocrx_word' id='word_1_396' title='bbox 2866 4943 2945 5009; x_wconf 90' lang='lat' dir='ltr'>de</span> <span class='ocrx_word' id='word_1_397' title='bbox 2993 4949 3129 5006; x_wconf 87' lang='lat' dir='ltr'>tota</span> <span class='ocrx_word' id='word_1_398' title='bbox 3172 4940 3329 5006; x_wconf 89' lang='lat' dir='ltr'>urbe</span> <span class='ocrx_word' id='word_1_399' title='bbox 3374 4941 3650 5005; x_wconf 86' lang='lat' dir='ltr'>Romana</span> <span class='ocrx_word' id='word_1_400' title='bbox 3686 4936 3739 4995; x_wconf 65' lang='lat' dir='ltr'>et</span> 
     </span>
     <span class='ocr_line' id='line_1_45' title="bbox 893 5040 3737 5130; baseline 0.001 -26"><span class='ocrx_word' id='word_1_401' title='bbox 893 5042 1124 5106; x_wconf 87' lang='lat' dir='ltr'>finibus</span> <span class='ocrx_word' id='word_1_402' title='bbox 1183 5043 1319 5106; x_wconf 90' lang='lat' dir='ltr'>eius</span> <span class='ocrx_word' id='word_1_403' title='bbox 1374 5045 1510 5108; x_wconf 88' lang='lat' dir='ltr'>sine</span> <span class='ocrx_word' id='word_1_404' title='bbox 1565 5066 1748 5108; x_wconf 87' lang='lat' dir='ltr'>mora</span> <span class='ocrx_word' id='word_1_405' title='bbox 1803 5046 2165 5130; x_wconf 87' lang='lat' dir='ltr'>expellant,</span> <span class='ocrx_word' id='word_1_406' title='bbox 2221 5048 2338 5109; x_wconf 90' lang='lat' dir='ltr'>nisi</span> <span class='ocrx_word' id='word_1_407' title='bbox 2404 5046 2488 5110; x_wconf 89' lang='lat' dir='ltr'>ad</span> <span class='ocrx_word' id='word_1_408' title='bbox 2530 5047 2903 5111; x_wconf 88' lang='lat' dir='ltr'>mandatum</span> <span class='ocrx_word' id='word_1_409' title='bbox 2951 5052 3016 5110; x_wconf 92' lang='lat' dir='ltr'>et</span> <span class='ocrx_word' id='word_1_410' title='bbox 3061 5045 3536 5110; x_wconf 86' lang='lat' dir='ltr'>oboedientiam</span> <span class='ocrx_word' id='word_1_411' title='bbox 3576 5040 3737 5126; x_wconf 80' lang='lat' dir='ltr'>ipsius</span> 
     </span>
     <span class='ocr_line' id='line_1_46' title="bbox 893 5146 1180 5210; baseline 0.003 -1"><span class='ocrx_word' id='word_1_412' title='bbox 893 5146 1180 5210; x_wconf 70' lang='lat' dir='ltr'>redeant</span> 
     </span>
    </p>
   </div>
   <div class='ocr_carea' id='block_1_18' title="bbox 891 5251 3734 5398">
    <p class='ocr_par' dir='ltr' id='par_1_20' title="bbox 891 5251 3734 5398">
     <span class='ocr_line' id='line_1_47' title="bbox 891 5251 3734 5398; baseline 0.002 -88"><span class='ocrx_word' id='word_1_413' title='bbox 891 5342 986 5398; x_wconf 82' lang='lat' dir='ltr'>JL</span> <span class='ocrx_word' id='word_1_414' title='bbox 1101 5257 1283 5313; x_wconf 74' lang='lat' dir='ltr'>Laud.</span> <span class='ocrx_word' id='word_1_415' title='bbox 1318 5259 1380 5311; x_wconf 65' lang='lat' dir='ltr'>in</span> <span class='ocrx_word' id='word_1_416' title='bbox 1420 5259 1537 5312; x_wconf 70' lang='lat' dir='ltr'>Vita</span> <span class='ocrx_word' id='word_1_417' title='bbox 1577 5259 1867 5313; x_wconf 66' lang='lat' dir='ltr'>Hadriani</span> <span class='ocrx_word' id='word_1_418' title='bbox 1892 5261 1991 5316; x_wconf 83' lang='lat' dir='ltr'>IV</span> <span class='ocrx_word' id='word_1_419' title='bbox 2017 5266 2157 5315; x_wconf 70' lang='lat' dir='ltr'>auct.</span> <span class='ocrx_word' id='word_1_420' title='bbox 2186 5262 2394 5314; x_wconf 67' lang='lat' dir='ltr'>Bosana</span> <span class='ocrx_word' id='word_1_421' title='bbox 2439 5261 2585 5328; x_wconf 74' lang='lat' dir='ltr'>(Lib.</span> <span class='ocrx_word' id='word_1_422' title='bbox 2615 5262 2815 5329; x_wconf 70' lang='lat' dir='ltr'>ponus.</span> <span class='ocrx_word' id='word_1_423' title='bbox 2845 5260 2925 5314; x_wconf 75' lang='lat' dir='ltr'>ed.</span> <span class='ocrx_word' id='word_1_424' title='bbox 2952 5259 3239 5314; x_wconf 74' lang='lat' dir='ltr'>Duchesne</span> <span class='ocrx_word' id='word_1_425' title='bbox 3273 5259 3347 5313; x_wconf 89' lang='lat'>11</span> <span class='ocrx_word' id='word_1_426' title='bbox 3367 5262 3515 5327; x_wconf 83' lang='lat'>389).</span> <span class='ocrx_word' id='word_1_427' title='bbox 3548 5288 3606 5298; x_wconf 90' lang='lat'><em>-</em></span> <span class='ocrx_word' id='word_1_428' title='bbox 3639 5251 3734 5317; x_wconf 65' lang='lat' dir='ltr'>Rev·</span> 
     </span>
    </p>
   </div>
  </div>
 </body>
</html>
