4065 6049
707 493 733 551 1
747 491 827 553 36
2052 481 2243 537 Roma.

703 662 827 742 ψη
2843 660 3208 739 (314-35)
3253 681 3391 725 nov.
3427 664 3512 723 18

704 765 1080 829 Silvester
1124 764 1156 828 Ι
1201 764 1532 828 basilicam
1578 762 1639 827 b.
1674 763 1855 827 Petri
1901 762 2297 827 sollemniter
2338 768 2704 839 consecrat;
2754 764 3105 828 maximam
3151 767 3591 833 remissionem

703 870 995 934 omnibus
1051 869 1132 932 ad
1190 890 1336 932 eam
1399 868 1631 932 devote
1678 867 2079 932 venientibus
2126 867 2472 949 condonat,
2528 868 2839 932 Romanis
2886 876 2953 932 et
2998 870 3594 936 circumiacentibus

710 980 735 1038 l
791 977 958 1057 anni,
992 975 1234 1057 Tuscis,
1266 973 1651 1038 Lombardis
1697 981 1764 1037 et
1794 973 2025 1057 Apulis
2058 978 2124 1037 et
2155 974 2388 1037 ceteris
2419 994 2596 1036 mare
2630 995 2755 1037 non
2790 974 3264 1039 transeuntibus
3309 979 3347 1039 2
3395 997 3592 1041 anno-

707 1100 866 1157 rum,
914 1079 1026 1142 sed
1075 1084 1142 1143 ct
1185 1078 1304 1163 his,
1351 1080 1460 1164 qui
1506 1079 1710 1143 maria
1756 1083 2151 1141 transmeare
2198 1083 2562 1160 noscuntur,
2612 1082 2647 1142 3
2696 1099 3026 1141 annorum.

911 1188 1094 1243 Laud.
1119 1207 1156 1241 a
1183 1189 1342 1242 Petro
1366 1188 1564 1243 Mallio
1598 1204 1639 1243 c.
1667 1198 1694 1242 1
1729 1192 1777 1242 ct
1801 1205 1838 1240 a
1867 1185 2148 1256 Mapltaco
2183 1185 2341 1255 chio
2376 1186 2463 1240 lib.
2492 1187 2528 1240 1
2555 1202 2596 1241 c.
2622 1194 2656 1241 2
2691 1188 2809 1256 (qui
2843 1187 2982 1243 diem
3009 1189 3354 1246 dedicationis
3391 1201 3450 1246 14
3484 1191 3591 1247 kal.

705 1275 813 1330 dcc.
845 1275 1109 1344 praebet).
1148 1307 1214 1315 -
1260 1275 1391 1344 Req.
1428 1274 1550 1330 JK.
1589 1306 1671 1327 —.

1084 1370 1423 1441 Spurium.
1463 1400 1525 1409 -
1567 1370 1635 1424 cf.
1665 1369 1811 1424 Eccl.
1852 1390 1894 1423 s.
1921 1368 2187 1424 Iohannis
2222 1369 2279 1423 in
2319 1369 2592 1425 Laterano
2627 1390 2679 1425 n.
2710 1371 2754 1424 1.

707 1442 789 1503 *2
3149 1447 3511 1524 (468-83)

709 1544 1152 1630 Simplicius
1223 1547 1592 1631 „constituit
1658 1546 1740 1610 ad
1804 1570 1853 1609 s.
1885 1546 2154 1612 Petrum
2213 1553 2418 1632 apost.
2470 1596 2483 1610 .
2521 1597 2533 1610 .
2582 1546 3053 1631 hebdomadas,
3116 1554 3187 1612 ut
3240 1548 3596 1633 presbyteri

707 1658 1044 1716 manerent
1074 1658 1337 1735 propter
1365 1651 1770 1734 poenitentes
1802 1655 1869 1714 et
1897 1649 2323 1734 baptismum:
2360 1700 2374 1713 .
2411 1699 2424 1713 .
2459 1651 2635 1734 regio
2659 1651 2754 1716 VI
2785 1652 2888 1716 vel
2909 1651 3039 1716 VII
3070 1651 3153 1715 ad
3185 1674 3233 1715 s.
3267 1652 3596 1718 Petrum“.

1088 1780 1136 1815 v.
1164 1762 1356 1816 Clerus
1390 1761 1543 1816 urbis
1581 1762 1788 1816 Romae
1824 1780 1877 1816 n.
1903 1762 1952 1815 3.
2005 1792 2066 1800 —
2114 1762 2186 1815 cf.
2212 1761 2490 1830 Simplicii
2530 1761 2951 1831 inscriptionem
2988 1762 3133 1829 (edd.
3173 1762 3236 1816 G.
3262 1762 3467 1818 Marini
3504 1783 3594 1833 ap.

920 1847 1032 1902 Mai
1087 1851 1199 1902 Ser.
1239 1852 1348 1904 vet.
1383 1866 1528 1902 nova
1565 1848 1689 1902 coll.
1719 1847 1765 1902 V
1795 1848 1894 1903 106
1930 1866 1982 1901 ιι.
2007 1848 2065 1915 2;
2116 1847 2196 1903 Dc
2236 1847 2395 1901 Rossi
2432 1849 2598 1903 lnscr.
2636 1848 2751 1903 chr.
2787 1849 2871 1902 ΙΙ·
2900 1849 2999 1903 144
3033 1867 3086 1903 ιι.
3111 1850 3167 1913 3;
3215 1848 3405 1904 Grisar
3441 1851 3599 1905 Anal.

920 1934 1074 1989 Rom.
1113 1935 1135 1988 I
1176 1934 1279 2003 78).

708 2006 789 2066 *3
3389 2010 3516 2070 523

709 2108 1159 2173 Hormisdas
1212 2110 1509 2174 concedit
1569 2109 1767 2173 Petro
1827 2108 2166 2173 extribuno
2221 2109 2570 2193 voluptatis
2637 2115 2704 2175 et
2765 2109 3096 2176 Iohannae
3155 2112 3294 2175 eius
3349 2112 3600 2197 coniugi

711 2213 984 2297 sepulcri
1032 2214 1242 2277 locum
1287 2215 1351 2276 in
1398 2213 1664 2277 basilica
1710 2213 1768 2276 b.
1802 2212 2001 2277 Petri.

917 2324 1097 2377 Laml.
1135 2325 1197 2377 in
1231 2323 1596 2390 inscriptione,
1629 2340 1766 2391 qnae
1802 2328 1974 2377 exstat
2011 2323 2075 2375 in
2107 2324 2305 2392 cryptis
2342 2322 2623 2377 Vaticanis
2658 2324 2798 2391 (ald.
2831 2325 3073 2394 Τοττίρίο
3110 2328 3127 2359 ¹
3142 2342 3196 2393 Ρ.
3223 2334 3320 2394 87,-
3357 2330 3395 2360 ²·
3416 2329 3507 2394 Ῥ.
3528 2336 3603 2382 95.

711 2410 887 2464 Donii
921 2411 1091 2464 Ira-scr.
1123 2428 1182 2478 Ρ.
1205 2416 1312 2464 537.
1381 2409 1656 2463 Muratori
1690 2410 1824 2463 Nov.
1850 2410 1981 2463 thes.
2007 2415 2103 2463 vct.
2131 2410 2288 2464 inser.
2318 2410 2410 2463 IV
2444 2418 2581 2464 1874.
2665 2410 2887 2464 Gallam
2932 2412 3106 2466 Inscr.
3142 2412 3294 2467 Rom.
3335 2414 3375 2466 Ι
3402 2422 3436 2466 4
3471 2431 3527 2467 n.
3555 2421 3605 2466 8.

711 2497 941 2565 Dioniyi
968 2513 1028 2565 p.
1053 2504 1118 2551 58
1151 2497 1256 2549 tab.
1288 2495 1480 2551 XXV.
1543 2490 1866 2551 Canceuieri
1888 2497 1996 2549 ΙΙΙ
2027 2504 2168 2551 1239.
2229 2497 2311 2550 De
2349 2496 2512 2551 Bessi
2549 2498 2716 2551 Inscr.
2747 2498 2854 2552 chr.
2883 2499 3039 2552 1448
3072 2517 3126 2551 n.
3158 2508 3269 2554 989.
3330 2500 3608 2563 Βαίτων.

704 2603 763 2653 Ρ.
783 2591 849 2637 27
881 2601 936 2637 n.
963 2592 1043 2638 42.
1109 2583 1166 2639 0.
1198 2584 1276 2637 M.
1303 2583 1636 2649 Kausmann
1670 2584 1774 2637 Die
1813 2584 2045 2638 Grotten
2080 2583 2169 2637 des
2206 2583 2428 2638 Vatican
2464 2584 2685 2651 (Maias
2713 2585 2863 2651 1902)
2892 2601 2947 2653 Ρ.
2973 2592 3049 2640 35.
3092 2616 3153 2625 -
3193 2586 3322 2656 Req.
3355 2585 3475 2641 JK.
3515 2616 3599 2640 —-.

713 2709 791 2771 *4
3394 2712 3521 2772 563

715 2811 1102 2877 Iohannes
1147 2809 1249 2875 111
1296 2810 1592 2875 concedit
1620 2810 1929 2875 Marcello
1977 2809 2370 2875 subdiacono
2416 2810 2695 2893 regionis
2740 2819 2964 2878 sextae
3013 2814 3281 2898 eiusque
3327 2815 3607 2898 posteris

715 2918 987 3001 sepulcri
1034 2917 1246 2979 locum
1293 2916 1358 2977 in
1403 2913 1671 2979 basilica
1714 2914 1776 2979 b.
1809 2916 2007 2980 Petri.

924 3027 1110 3082 Laud.
1147 3027 1208 3079 in
1243 3026 1604 3094 inscriptione,
1644 3043 1780 3094 quae
1817 3033 1989 3081 exstat
2025 3028 2089 3080 in
2112 3029 2311 3097 cryptis
2348 3028 2621 3081 Vaticanis
2655 3027 2802 3094 (cdd.
2834 3028 2882 3081 T
2876 3028 3076 3097 owiqio
3108 3030 3309 3095 Ῥ.85;
3348 3033 3385 3063 ²·
3407 3032 3427 3061 ⁸
3438 3047 3496 3096 Ρ.
3527 3036 3611 3084 93.

715 3116 889 3169 Donii
915 3116 1083 3168 Inscr.
1103 3131 1160 3181 Ρ.
1182 3121 1291 3168 537.
1327 3113 1604 3168 Muratori
1628 3113 1762 3168 Nov.
1784 3113 1906 3168 thes,
1927 3119 2014 3168 vet.
2036 3115 2195 3168 inser.
2218 3114 2304 3167 IV
2321 3121 2434 3168 428.
2476 3115 2700 3168 Gauctti
2728 3115 2897 3168 Inscr.
2922 3113 3075 3167 Boin.
3101 3114 3134 3166 Ι
3152 3123 3184 3167 4
3210 3131 3263 3168 n.
3287 3123 3336 3168 8.
3377 3114 3615 3185 Dioniyi

710 3219 769 3271 p.
795 3209 858 3256 53
893 3201 992 3254 tab.
1024 3200 1250 3254 XXIV.
1328 3200 1638 3254 &inccuicri
1663 3200 1770 3253 HI
1789 3208 1932 3254 1240.
2003 3200 2088 3254 Dc
2125 3201 2289 3254 Rossi
2314 3202 2484 3255 Inscr.
2520 3201 2628 3255 chr.
2657 3202 2697 3254 Ι
2709 3210 2813 3256 500
2846 3219 2900 3253 n.
2930 3209 3082 3255 1096.
3156 3200 3436 3266 Dusresnc
3462 3220 3520 3270 Ρ.
3549 3209 3617 3256 26

715 3305 770 3343 n.
798 3294 885 3342 38.
957 3287 1286 3352 Kaufinann
1312 3305 1371 3355 Ρ.
1396 3294 1473 3341 35.
1510 3316 1576 3325 -
1614 3287 1742 3357 Βερ.
1780 3287 1903 3344 JK.
1940 3319 2024 3342 —.

718 3411 798 3472 *5
3151 3410 3489 3473 590—604

719 3513 1148 3599 Gregorius
1193 3512 1227 3576 I
1271 3514 1605 3598 praecipit,
1652 3519 1724 3578 ut
1768 3536 1962 3598 super
2007 3535 2239 3598 corpus
2284 3512 2343 3577 b.
2377 3513 2555 3577 Petri
2604 3514 2836 3579 missae
2882 3415 3304 3579 celebre(ntur.
3489 3415 3522 3489 )

927 3624 1111 3678 Laud.
1156 3625 1217 3676 in
1247 3623 1377 3676 Vita
1425 3623 1678 3694 Greqorii
1713 3625 1757 3677 I
1792 3624 1935 3688 (Lib.
1986 3625 2186 3691 pontis.
2231 3624 2311 3677 ed.
2356 3623 2642 3677 Diwhesnc
2688 3624 2732 3676 I
2761 3634 2866 3678 109.
2905 3632 3031 3691 312,·
3083 3625 3383 3679 Mommsen
3410 3643 3469 3693 Ρ.
3497 3628 3620 3692 162)

717 3717 764 3764 et
802 3712 864 3763 in
901 3710 1026 3765 Vita
1070 3710 1313 3779 Greyorii
1354 3710 1433 3763 M.
1471 3715 1613 3764 (tract.
1652 3710 1901 3763 Iohanne
1936 3710 2079 3764 dicae.
2118 3711 2204 3764 lib.
2232 3711 2303 3763 ΙΙ
2332 3726 2373 3764 c,
2395 3718 2476 3764 20.
2515 3739 2580 3748 —
2620 3710 2755 3779 Ray.
2793 3710 2909 3766 JE.
2948 3741 3031 3765 -.

1102 3805 1181 3860 De
1219 3823 1277 3859 re
1315 3805 1382 3860 cf.
1410 3804 1720 3860 Martorelli
1758 3823 1813 3875 p.
1839 3806 1921 3859 85.

721 3894 797 3956 *6
3126 3894 3528 3976 (590—604)

723 3997 776 4060 G
799 4000 1155 4083 regorius
1200 3998 1234 4062 I
1292 4000 1637 4083 praecipit,
1698 4004 1769 4063 ut
1822 3999 1903 4063 ad
1951 4000 2155 4063 altare
2207 3998 2414 4062 maius
2468 3997 2529 4062 b.
2564 3998 2741 4062 Petri
2801 3997 2977 4063 nulla
3034 3999 3432 4062 consecratio
3479 3998 3619 4080 fiat,

723 4105 842 4165 nisi
868 4103 1143 4168 Romani
1177 4106 1491 4189 pontificis
1526 4155 1540 4170 .
1574 4156 1610 4188 .,
1644 4111 1711 4170 et
1742 4105 2068 4168 constituit
2100 4110 2375 4188 quatuor
2406 4103 2709 4167 diaconos
2740 4102 3100 4166 cardinales
3130 4102 3213 4166 ad
3247 4125 3295 4164 s.
3323 4102 3618 4183 Petrum,

724 4210 833 4294 qui
865 4210 1088 4291 legant
1119 4211 1524 4295 evangelium
1557 4208 1639 4273 ad
1673 4211 1932 4273 missam
1966 4215 2032 4272 et
2062 4207 2439 4292 praedicent
2470 4208 2902 4292 unusquisque
2934 4208 3000 4269 in
3031 4205 3442 4270 hebdomada
3472 4228 3614 4274 sua.

932 4320 1116 4375 Laud.
1154 4338 1191 4373 a
1226 4321 1387 4374 Petro
1425 4321 1616 4374 Mallio
1651 4338 1694 4374 c.
1720 4330 1752 4374 4
1788 4326 1835 4373 et
1872 4337 1908 4372 a
1949 4319 2219 4387 Maphaw
2245 4318 2405 4386 chio
2441 4319 2527 4372 lib.
2554 4318 2672 4370 111.
2714 4347 2777 4356 -
2817 4317 2940 4386 Req.
2977 4317 3097 4372 JE.
3136 4347 3216 4370 —.

1104 4415 1210 4470 Sed
1237 4416 1434 4469 Petrus
1469 4413 1694 4468 Mallius
1729 4412 2008 4478 notitiam,
2047 4431 2193 4483 quae
2231 4413 2303 4467 ad
2340 4411 2690 4482 Simplicium
2729 4414 2952 4481 spectat
2991 4416 3062 4478 (n.
3088 4413 3162 4480 2),
3200 4412 3340 4468 false
3375 4412 3447 4466 ad
3484 4411 3620 4468 Gre-

932 4502 1149 4574 gorium
1185 4504 1208 4557 1
1244 4503 1429 4558 refert.

728 4576 808 4638 *7
3158 4571 3530 4645 590-604)

729 4679 1152 4765 Gregorius
1184 4680 1215 4742 I
1262 4683 1592 4742 consecrat
1637 4678 1984 4742 oratorium
2031 4699 2079 4740 s.
2114 4676 2354 4739 Luciae
2402 4680 2551 4739 ante
2599 4673 2753 4737 eccl.
2801 4696 2849 4736 s.
2882 4574 3187 4737 Iohannis
3231 4673 3315 4738 ad
3355 4673 3619 4738 Fontes.

938 4790 1120 4845 Laud.
1157 4809 1194 4844 a
1229 4791 1388 4845 Petro
1425 4789 1618 4843 Mallio
1653 4805 1697 4843 c.
1722 4796 1754 4843 6
1789 4789 1876 4854 (ut
1911 4805 1947 4841 a
1981 4787 2187 4842 nostris
2222 4785 2526 4841 maioribus
2563 4784 2918 4854 accepimus).
2960 4814 3018 4823 —
3060 4785 3185 4853 Ray.
3224 4784 3333 4838 JE.
3372 4815 3453 4837 —.

728 4917 771 4977 8
2878 4905 3232 4990 (716—30)
3276 4927 3414 4998 pov.
3452 4911 3535 4969 13

731 5019 1152 5102 Gregorius
1195 5017 1265 5080 H
1324 5016 1522 5082 Petro
1578 5021 1645 5080 et
1698 5013 1905 5079 Paulo
1952 5012 2388 5097 apostolorum
2436 5010 2855 5097 principibus:
2904 5012 3156 5095 statuit,
3209 5016 3280 5074 ut
3324 5011 3467 5074 loca
3512 5010 3625 5074 vel

731 5124 998 5210 praedia
1045 5144 1190 5187 cum
1237 5122 1487 5186 olivetis
1532 5142 1647 5204 pro
1681 5119 2167 5184 concinnatione
2198 5116 2604 5180 luminarium
2642 5115 3030 5180 immutilata
3060 5122 3500 5199 permaneant.
3540 5156 3623 5162 —

734 5230 1045 5303 Quotiens
1090 5228 1283 5294 laudi.
1373 5225 1523 5291 Dat.
1571 5224 1655 5290 id.
1702 5245 1846 5289 nov.
1894 5224 2048 5307 imp.
2094 5222 2267 5306 piiss.
2314 5222 2554 5286 Leone.
