4065 6049
791 471 913 534 108
2141 463 2335 520 Roma.

993 639 1197 693 deinde
1233 639 1506 703 omnibus,
1545 638 1914 694 adiudieavit.
1987 639 2105 694 Nos
2144 657 2289 704 vero,
2314 656 2652 708 quamquam
2681 637 2954 709 principis
2978 636 3389 707 antiquitatum
3415 635 3671 692 christia·

993 745 1191 781 narum
1229 725 1626 782 auctoritatem
1664 725 1891 781 minime
1929 726 2325 796 improbamus,
2364 731 2550 782 tamen
2588 726 2644 780 in
2683 727 2791 781 hac
2827 744 2886 781 re
2925 744 3049 781 eum
3075 744 3141 781 eo
3166 723 3461 780 convenire
3486 724 3673 794 nequi·

995 833 1132 869 mus,
1205 814 1416 869 Textus
1443 814 1590 870 enim
1617 812 1937 870 documenti
1973 813 2205 883 eiusque
2241 815 2511 870 formulae
2538 814 2660 869 usui
2686 813 3056 871 cancellariae
3080 812 3336 885 Gregorii
3366 812 3468 866 VII
3506 812 3674 867 haud-

990 918 1274 970 quaquam
1320 902 1679 971 respondent,
1728 901 1827 956 sed
1868 900 2249 970 antiquiorem
2293 900 2550 957 redolent
2590 901 2803 956 stilum.
2896 901 3093 971 Itaque
3142 906 3245 956 aut
3292 899 3559 971 Gregorio
3597 899 3673 953 IV

990 990 1092 1044 aut
1126 987 1391 1060 Gregorio
1415 988 1465 1042 V
1502 987 1718 1044 bullam
1753 988 2179 1045 adscribendam
2213 1005 2333 1045 esse
2369 988 2782 1045 crediderimus.

1358 1265 1682 1333 EcclesIa
1726 1283 1784 1333 s.
1817 1265 2163 1335 Iohannis
2209 1267 2375 1333 ante
2422 1267 2713 1351 portam
2755 1265 3109 1333 Latinam.

1732 1379 1872 1447 (San
1909 1378 2189 1433 Giovanni
2226 1396 2261 1433 a
2295 1380 2461 1449 porta
2497 1378 2741 1447 Latina.)

993 1499 1257 1570 Ugonio
1293 1500 1565 1570 f.293¹sq.
1628 1530 1691 1541 —
1752 1500 2105 1555 Panciroli
2148 1501 2242 1570 ¹p.
2273 1500 2501 1569 360sq.;
2542 1503 2640 1570 ²p.
2673 1500 2866 1568 667sq.
2907 1528 2969 1538 —
3008 1496 3338 1554 Pennotti
3376 1496 3677 1552 Generalis

783 1587 897 1640 ord.
925 1604 1048 1641 can.
1074 1586 1207 1641 hist.
1233 1585 1526 1657 tripartita
1567 1589 1584 1621 ¹
1607 1605 1660 1657 p.
1685 1587 1805 1643 276.
1844 1616 1908 1627 —
1945 1586 2085 1641 Mar
2102 1584 2339 1641 tinelli
2378 1605 2434 1657 p.
2457 1587 2572 1641 127.
2611 1614 2678 1625 —
2713 1588 2790 1640 10.
2816 1585 2953 1641 Mar.
2979 1582 3288 1641 Soresini
3326 1582 3407 1639 De
3432 1582 3677 1639 ecclesia

785 1691 826 1725 s.
864 1671 1089 1727 Ioannis
1133 1676 1265 1728 ante
1311 1677 1532 1743 portam
1578 1673 1864 1737 Latinam,
1920 1673 2284 1729 Lateranensi
2330 1673 2598 1729 ecelesiae
2634 1690 2875 1738 annexa,
2913 1692 2954 1728 s,
2983 1673 3140 1728 XVII
3178 1674 3348 1740 (teste
3385 1671 3677 1727 Mandonio

785 1760 811 1813 I
842 1758 979 1827 168).
1017 1792 1080 1800 —
1121 1759 1372 1815 Piazza
1408 1778 1462 1830 p.
1487 1761 1592 1816 572
1610 1779 1692 1830 sq.
1728 1792 1796 1802 —
1832 1760 1895 1816 G.
1925 1761 2000 1816 M.
2027 1759 2491 1816 crescimbeni
2528 1760 2788 1816 L'istoria
2824 1760 2974 1816 della
3011 1760 3202 1816 chiesa
3235 1759 3295 1815 di
3319 1760 3371 1817 S.
3400 1758 3679 1815 Giovanni

784 1845 982 1900 avanti
1018 1849 1184 1916 porta
1219 1846 1427 1902 Latina
1461 1848 1548 1913 (In
1585 1847 1762 1903 Roma
1790 1848 1958 1917 1716).
1997 1877 2061 1887 -
2098 1847 2351 1903 Marini
2390 1845 2654 1903 Memor-ie
2691 1851 2958 1918 proposte
2994 1846 3050 1902 ai
3087 1847 3277 1904 devoti
3315 1849 3469 1905 nella
3507 1845 3680 1902 visita

784 1933 937 1987 della
972 1932 1162 1988 chiesa
1197 1950 1230 1989 e
1266 1934 1619 2003 cappelletta
1653 1934 1712 1989 di
1736 1933 1788 1987 S.
1809 1932 2089 1989 Giovanni
2125 1952 2161 1989 a
2195 1938 2363 2004 porta
2388 1934 2592 1989 Latina
2616 1933 2815 2001 (Roma
2843 1935 3016 2003 1791).
3052 1964 3116 1974 —-
3157 1934 3384 2004 Nibby
3420 1935 3446 1989 1
3470 1935 3572 1990 269
3595 1952 3677 2003 sq.

785 2049 849 2058 —
890 2019 1205 2075 Forcella
1241 2020 1318 2074 XI
1357 2022 1555 2090 159sq.
1595 2052 1658 2059 —-
1697 2020 2059 2077 Armellini
2100 2023 2192 2092 ¹p.
2218 2021 2343 2086 272;
2383 2024 2479 2092 ²p.
2505 2021 2624 2078 520.
2666 2050 2725 2061 -
2766 2019 3117 2076 Marucchi
3154 2039 3208 2091 p.
3238 2023 3435 2091 170sq.

999 2143 1291 2208 Ecclesia
1323 2167 1370 2207 S.
1393 2144 1696 2208 Iohannis
1727 2151 1876 2210 ante
1908 2150 2163 2228 portam
2190 2145 2488 2210 Latinam
2521 2144 3029 2230 antiquissimam
3062 2145 3300 2229 repetit
3330 2144 3677 2229 originem;

784 2253 1144 2312 restaurata
1202 2247 1285 2313 ab
1345 2247 1679 2313 Hadriano
1725 2250 1758 2312 I
1811 2247 1981 2333 (Lib.
2031 2250 2257 2333 pontif.
2320 2249 2420 2314 ed.
2469 2249 2813 2315 Duchesne
2866 2249 2900 2312 I
2947 2248 3131 2333 508),
3206 2248 3326 2313 fuit
3393 2255 3572 2313 recta
3638 2270 3680 2312 a

785 2351 1060 2436 propriis
1105 2351 1709 2437 archipresbyteris,
1769 2353 1936 2417 inter
1990 2374 2152 2439 quos
2196 2351 2544 2418 Gratianus
2586 2353 2728 2436 ille,
2777 2354 2887 2439 qui
2931 2359 3161 2438 postea
3203 2373 3376 2436 papa
3419 2352 3677 2416 nomine

788 2453 1086 2540 Gregorii
1118 2456 1214 2520 VI
1259 2457 1468 2521 faetus
1512 2462 1629 2522 est.
1721 2455 1851 2522 Sed
1897 2478 1955 2522 a.
1995 2462 2156 2522 1145
2204 2480 2243 2522 a
2287 2458 2488 2522 Lucio
2520 2457 2589 2520 II
2635 2459 2958 2522 canonicis
3003 2480 3051 2521 s.
3085 2456 3435 2522 Salvatoris
3479 2457 3678 2521 Late·

787 2559 1162 2624 ranensibus
1225 2581 1531 2625 concessa
1604 2562 1724 2625 fuit
1789 2559 1990 2645 (Eccl.
2039 2584 2088 2625 s.
2122 2561 2427 2626 Iohannis
2484 2563 2550 2626 in
2606 2563 2931 2628 Laterano
2987 2584 3048 2626 n.
3096 2559 3223 2646 17).
3336 2560 3680 2625 Canonicis

783 2663 1185 2749 regularibus
1231 2686 1315 2730 ex
1359 2664 1625 2729 basilica
1668 2666 2093 2730 Lateranensi
2137 2688 2255 2751 per
2292 2665 2689 2730 Bonifatium
2720 2666 2887 2731 VIII
2935 2665 3169 2730 deinde
3216 2664 3435 2749 pulsis,
3480 2664 3679 2728 etiam

785 2769 907 2832 ista
967 2768 1240 2834 ecclesia
1300 2790 1598 2835 successu
1657 2774 2019 2854 temporum
2080 2771 2402 2835 canonicis
2455 2772 2575 2835 fuit
2637 2770 2971 2853 destituta,
3031 2776 3099 2834 et
3159 2770 3224 2832 in
3289 2769 3676 2832 monasterio

783 2873 1032 2956 positae
1079 2879 1225 2937 sunt
1268 2873 1804 2938 sanctimoniales.
1892 2872 2188 2940 Ecclesia
2232 2897 2271 2940 a
2313 2876 2536 2940 Leone
2582 2875 2645 2940 X
2703 2874 2869 2939 tituli
2916 2875 3158 2939 honore
3206 2872 3512 2938 decorata
3558 2877 3678 2954 est,

786 2997 978 3062 quem
1026 2983 1222 3042 tenet.

997 3115 1206 3181 Huius
1252 3117 1565 3183 ecelesiae
1611 3124 2029 3182 monumenta
2074 3119 2481 3183 inveniuntur
2524 3119 2589 3182 in
2629 3119 2888 3184 archivo
2922 3119 3373 3182 canonicorum
3404 3117 3678 3181 Latera-

786 3218 1099 3303 nensium,
1145 3220 1229 3285 ad
1275 3220 1447 3305 quod
1494 3221 1879 3286 transierunt
1924 3243 2051 3306 quo
2099 3229 2391 3306 tempore
2437 3223 2711 3288 ecelesia
2758 3225 2934 3287 unita
2989 3221 3111 3287 fuit
3154 3221 3458 3286 basilicae
3505 3219 3677 3284 Con-

790 3323 1250 3401 stantinianae3
1299 3325 1466 3389 conf.
1512 3325 1686 3390 Eccl.
1736 3348 1784 3389 s.
1819 3326 2124 3390 Iohannis
2168 3328 2233 3390 in
2277 3328 2622 3392 Lateran0.

788 3483 827 3540 1
3113 3482 3285 3544 1148
3326 3501 3369 3543 a
3459 3482 3590 3543 ..30

786 3582 1119 3647 Conradus
1167 3583 1463 3648 Savinen.
1512 3605 1613 3670 ep.
1663 3591 1729 3650 et
1769 3584 2095 3669 Eugenii
2141 3585 2245 3648 III
2299 3586 2573 3650 vicarius
2633 3585 2873 3651 decidit
2926 3585 3106 3651 litem
3153 3586 3320 3649 inter
3368 3500 3680 3649 ggclesias

786 3708 833 3750 s.
868 3686 1171 3750 Iohannis
1216 3695 1365 3752 ante
1413 3694 1665 3772 portam
1696 3689 1994 3754 Latinam
2027 3696 2095 3754 et
2124 3712 2172 3752 s.
2205 3690 2524 3754 Praxedis
2571 3712 2653 3754 ex
2700 3712 2827 3754 una
2871 3695 2938 3754 et
2968 3689 3308 3754 ecclesiam
3350 3711 3398 3752 s.
3430 3687 3680 3753 Mariae

785 3790 1330 3875 Criptaeferratae
1388 3813 1472 3856 ex
1531 3799 1715 3876 parte
1772 3793 1978 3858 altera
2032 3815 2226 3878 super
2271 3793 2517 3858 duabus
2562 3793 2850 3879 partibus
2895 3793 3209 3859 ecclesiae
3256 3814 3304 3855 s.
3337 3792 3676 3857 Primitivi.

1171 3918 1220 3955 v.
1257 3899 1406 3956 Eccl.
1443 3919 1486 3956 s.
1525 3900 1791 3956 Praxedis
1827 3921 1879 3957 n.
1905 3901 1953 3955 6.

785 3999 831 4059 2
3107 3997 3276 4060 1191
3322 3998 3473 4062 vnai.
3508 3998 3591 4061 10

788 4099 1226 4165 Celestinus
1271 4099 1375 4163 ΠΙ
1431 4099 1689 4165 dedicat
1745 4100 2086 4165 ecclesiam
2134 4106 2200 4166 et
2245 4100 2541 4166 concedit
2584 4099 2673 4164 ibi
2721 4121 2870 4165 vere
2924 4100 3403 4185 poenitentibus
3446 4104 3674 4167 remis-

786 4205 1032 4268 sionem
1078 4208 1161 4269 40
1208 4203 1456 4269 dierum
1503 4204 1585 4269 de
1629 4205 1924 4269 iniunctis
1970 4206 2065 4270 eis
2110 4205 2523 4289 poenitentiis
2568 4205 2831 4290 singulis
2877 4206 3078 4268 annis.

992 4314 1285 4384 Inscriptio
1327 4314 1389 4367 in
1426 4315 1631 4383 parieoe
1674 4315 1930 4371 eeclesiae.
1987 4347 2057 4358 —-
2116 4316 2261 4370 Edd.
2300 4315 2606 4369 Martiaelli
2646 4333 2700 4384 p.
2736 4322 2842 4371 127.
2920 4315 3267 4370 Orescimbeni
3300 4335 3363 4386 p.
3398 4325 3487 4372 115
3532 4317 3676 4385 (cum

785 4400 929 4469 tab).
1005 4401 1229 4455 Galletti
1265 4402 1437 4456 Inscr.
1478 4402 1633 4456 Rmn.
1670 4402 1710 4455 I
1737 4410 1808 4458 40
1840 4420 1895 4455 n.
1920 4410 1994 4458 51.
2068 4403 2311 4457 Forcella
2351 4403 2451 4456 XI
2475 4411 2570 4458 161
2604 4419 2661 4457 n.
2691 4409 2804 4457 297.
2878 4402 3147 4457 Reumont
3192 4402 3372 4458 Gesch.
3408 4401 3503 4455 der
3525 4401 3680 4456 Stacu

789 4488 933 4542 Rom
970 4487 1046 4541 II
1073 4495 1219 4543 1229.
1262 4518 1320 4527 —
1365 4488 1496 4558 Rey.
1533 4487 1640 4543 JL.
1680 4519 1762 4543 -.

1471 4764 1832 4832 Ecclesiae
1902 4781 1959 4831 s.
2021 4764 2289 4832 Mariae
2360 4764 2688 4834 dominae
2755 4765 2988 4834 Rosae

1546 4879 1624 4945 et
1669 4880 1734 4945 b.
1768 4876 2143 4944 Laurentii
2188 4878 2265 4943 in
2310 4875 2626 4946 castello
2672 4894 2917 4947 aureo.

1003 5016 1252 5080 Harum
1314 5016 1730 5081 ecclesiarum
1789 5017 2156 5081 conditores
2221 5017 2628 5081 nominantur
2678 5018 2742 5081 in
2801 5039 2860 5081 n.
2896 5022 2967 5081 5:
3042 5017 3246 5101 „sicut
3301 5019 3366 5080 in
3426 5019 3678 5101 scriptis

787 5121 1171 5187 authenticis
1217 5142 1257 5185 a
1301 5120 1402 5184 be.
1452 5143 1576 5185 me.
1625 5120 1956 5205 Gratiann,
2006 5120 2322 5205 Gregorio
2370 5127 2437 5185 et
2482 5120 2739 5185 domina
2782 5121 2959 5186 Rosa
3004 5127 3070 5186 et
3116 5122 3347 5204 Imma,
3395 5123 3677 5206 ipsarum

787 5226 1205 5291 ecclesiarum
1271 5224 1744 5311 fundatoribus,
1814 5225 2237 5291 continetur“.
2334 5226 2595 5293 Positae
2663 5228 2919 5293 fuerunt
2979 5227 3045 5290 in
3099 5226 3268 5290 circo
3336 5225 3675 5310 Flaminio,
