4065 6049
737 456 856 518 112
2081 448 2274 507 Roma.

1524 745 1845 813 Ecclesia
1889 760 1984 811 ss.
2018 743 2400 812 Adalberti
2447 745 2524 811 et
2564 744 2853 810 Paulini

1343 851 1494 919 sive
1540 867 1598 917 s.
1632 848 2181 917 Bai-tholomaei
2228 849 2304 916 in
2349 849 2590 915 insula
2633 847 3005 934 Lycaoma.

1737 970 1877 1039 (San
1913 970 2269 1027 Bartolomeo
2305 969 2401 1025 all'
2441 969 2625 1039 Isola.)

947 1112 1105 1168 Vinc.
1142 1111 1444 1168 Robardi
1496 1110 1578 1165 De
1614 1109 1802 1166 insula
1840 1109 2127 1179 Tyberina
2163 1113 2222 1165 et
2256 1108 2581 1180 Aesculapii
2616 1109 2831 1181 templo
2868 1110 2940 1165 ad
2978 1127 3196 1165 sacrum
3235 1111 3286 1166 d.
3327 1110 3622 1166 Bartholo-

735 1200 880 1255 maei
905 1202 1086 1271 apost.
1115 1199 1329 1255 cultum
1357 1200 1620 1253 revocato
1646 1197 1877 1264 (Romae
1904 1197 2078 1265 1590).
2108 1227 2169 1237 —
2199 1195 2558 1251 Panciroli
2589 1200 2604 1230 ¹
2627 1214 2681 1266 p.
2702 1197 2832 1260 233;
2861 1198 2883 1230 ⁸
2904 1214 2957 1267 p.
2980 1198 3082 1253 616
3096 1215 3178 1265 sq.
3206 1227 3268 1236 —
3295 1197 3623 1252 Severano

727 1307 782 1359 p.
807 1289 907 1344 317
924 1306 1005 1357 sq.
1043 1318 1109 1327 —
1147 1286 1534 1341 Martinelli
1571 1304 1626 1357 p.
1648 1287 1713 1340 77
1728 1304 1809 1356 sq.
1848 1314 1915 1324 —
1952 1285 2040 1340 Fr.
2067 1285 2224 1340 Diui
2258 1285 2594 1341 Dissertatio
2630 1285 3126 1342 historico-critica
3160 1284 3229 1339 de
3255 1284 3624 1338 translatione

728 1380 787 1431 et.
823 1374 1192 1430 collocatione
1230 1374 1478 1444 corporis
1511 1393 1552 1428 s.
1581 1373 2000 1429 Bartholomaei
2041 1373 2318 1441 (Venetiis
2344 1374 2516 1443 1700).
2555 1403 2617 1413 -
2656 1373 2904 1429 Piazza
2941 1393 2995 1444 p.
3015 1374 3118 1429 576
3133 1390 3215 1442 sq.
3256 1403 3319 1412 —
3358 1372 3417 1425 F.
3445 1370 3623 1425 Casi-

727 1462 894 1517 miro
942 1460 1350 1515 Dissertazione
1396 1478 1431 1514 o
1475 1460 1561 1515 sia
1603 1460 1874 1528 religione
1921 1459 2073 1516 della
2118 1459 2310 1517 chiesa
2353 1479 2384 1517 e
2429 1464 2706 1516 convento
2751 1460 2808 1515 di
2857 1460 2911 1516 S.
2946 1460 3302 1515 Bartolomeo
3352 1457 3448 1512 all'
3478 1457 3624 1511 [sola

729 1549 933 1617 (Roma
970 1549 1144 1615 1742).
1182 1578 1248 1588 —
1287 1547 1346 1602 F.
1373 1546 1708 1602 Casimiro
1746 1547 2011 1602 Memoris
2049 1547 2314 1603 istoriche
2360 1548 2507 1604 delle
2556 1548 2742 1604 chiese
2786 1565 2817 1603 e
2866 1546 2957 1603 dei
3007 1545 3270 1602 conventi
3319 1544 3409 1599 dei
3459 1542 3621 1599 fratri

727 1635 932 1691 Minori
980 1636 1134 1691 della
1176 1633 1467 1706 provincia
1515 1636 1770 1690 Romana
1810 1638 1827 1670 ¹
1856 1635 2057 1705 (Roma
2098 1634 2252 1704 1744)
2299 1652 2353 1705 p.
2391 1634 2619 1703 264sq3
2671 1637 2693 1668 ²
2718 1634 2896 1702 (1845)
2940 1652 2995 1704 p.
3020 1632 3125 1688 370
3143 1650 3225 1701 sq.
3275 1663 3343 1671 —
3397 1631 3623 1701 Nibby

728 1724 753 1777 I
793 1722 894 1777 123
911 1740 993 1791 sq.
1019 1752 1084 1762 —
1110 1721 1424 1778 Forcella
1462 1721 1535 1776 1v
1563 1722 1663 1777 529
1683 1740 1765 1791 sq.
1791 1752 1856 1762 —
1883 1720 2254 1777 Armellini
2283 1724 2301 1756 ¹
2322 1739 2377 1791 p.
2397 1722 2492 1785 97;
2533 1722 2848 1791 ¹p.620sq.
2873 1751 2938 1761 -
2964 1718 3315 1775 Marucchi
3349 1737 3404 1789 p.
3424 1719 3623 1786 464sq.

946 1863 1203 1946 Erecta,
1250 1868 1321 1925 ut
1365 1860 1596 1945 fertur,
1643 1859 1724 1925 ab
1773 1859 2016 1925 Ottone
2060 1859 2168 1923 III
2228 1860 2296 1923 in
2349 1860 2656 1925 honorem
2721 1859 2783 1924 b.
2831 1860 3171 1927 Adalberti
3216 1859 3621 1941 confessoris,

729 1968 1142 2054 splendorem
1196 1966 1541 2051 praecipue
1600 1963 1874 2029 obtinuit
1933 1963 2014 2028 ob
2070 1986 2120 2027 s.
2153 1964 2637 2029 Bartholomaei
2695 1971 2901 2049 apost.
2961 1986 3192 2049 corpus
3239 1964 3362 2028 huc
3408 1964 3620 2028 Bene-

730 2080 921 2138 vento
988 2072 1364 2137 translatum
1432 2068 1543 2156 (cf.
1593 2071 1849 2134 Ottonis
1913 2068 2187 2154 Frising.
2257 2069 2493 2134 Chron.
2552 2069 2662 2134 lib.
2695 2069 2794 2133 VI
2862 2091 2914 2134 c.
2947 2072 3029 2134 25
3099 2075 3166 2133 et
3230 2069 3543 2133 Friderici
3589 2068 3622 2130 I

731 2178 1016 2263 diploma
1061 2197 1119 2240 a.
1159 2180 1319 2240 1167
1368 2196 1515 2260 aug.
1549 2179 1587 2239 6
1646 2174 1907 2258 Stumpf
1954 2173 2119 2259 Reg.
2154 2172 2382 2258 4088),
2445 2174 2616 2238 unde
2683 2172 2762 2237 lis
2828 2175 3042 2259 gravis
3111 2180 3252 2239 orta
3306 2179 3404 2238 est
3457 2174 3624 2235 inter

693 2282 1223 2346 *Beneventanos
1268 2284 1337 2344 et
1378 2278 1690 2344 ecclesiae
1736 2300 1785 2341 s.
1817 2277 2304 2342 Bartholomaei
2357 2285 2659 2342 rectores.
2749 2276 3107 2343 Ecclesiam
3167 2300 3248 2341 ss.
3280 2274 3620 2341 Adalberti

732 2393 798 2450 et
827 2385 1082 2449 Paulini
1129 2404 1273 2448 cum
1304 2382 1511 2446 insula
1540 2381 1888 2466 Lycaonia,
1933 2387 2004 2445 ut
2051 2387 2225 2445 esset
2267 2382 2715 2465 episcoporum
2748 2380 2959 2446 Silvae
2993 2380 3325 2446 Candidae
3372 2382 3620 2466 episco-

729 2491 878 2576 pale
938 2488 1331 2553 domicilium
1386 2492 1454 2552 et
1510 2506 1860 2570 congruum
1921 2484 2436 2570 receptaculum,
2506 2485 2830 2550 Iohannes
2873 2485 3039 2549 XIX
3098 2506 3157 2550 a.
3206 2489 3368 2551 1026
3422 2486 3621 2550 Petro

730 2596 1033 2679 episcopo
1082 2591 1398 2669 concessit
1454 2587 1603 2675 (JL.
1651 2587 1850 2675 4076)
1897 2590 2086 2675 eique
2132 2588 2544 2674 presbyteros
2598 2595 2664 2655 et
2709 2589 2976 2654 clericos
3020 2588 3261 2654 ibidem
3311 2589 3623 2676 degentes

731 2697 1020 2781 subiecit,
1066 2694 1182 2760 sed
1225 2696 1363 2760 Leo
1409 2693 1510 2758 IX
1555 2715 1612 2758 a.
1639 2695 1835 2771 '1049‚
1882 2693 2148 2778 querela
2195 2692 2278 2757 de
2324 2714 2394 2758 re
2439 2715 2479 2759 a
2524 2692 2813 2757 Iohanne
2858 2691 3203 2758 Portuensi
3249 2714 3351 2778 ep.
3400 2701 3622 2757 contra

734 2800 1175 2866 Crescentium
1220 2819 1323 2883 ep.
1371 2796 1586 2862 Silvae
1636 2795 1969 2862 Candidas
2014 2804 2307 2883 accepta,
2353 2796 2695 2863 ecclesiam
2742 2822 2790 2862 s.
2824 2797 3169 2863 Adalberti
3223 2819 3369 2863 cum
3415 2795 3622 2861 insula

730 2905 1061 2990 Lycaonia
1116 2902 1461 2967 Portuensi
1519 2901 1919 2986 episcopatui
1979 2902 2383 2966 confirmavit
2436 2900 2586 2986 (JL.
2632 2902 2851 2987 4163).
2953 2903 3015 2967 A
3060 2904 3284 2967 Leone
3330 2902 3396 2967 X
3453 2903 3624 2967 tituli

729 3010 976 3075 honore
1023 3008 1351 3090 decorata,
1396 3027 1455 3072 a.
1495 3009 1656 3072 1513
1703 3006 1953 3071 transiit
1996 3005 2082 3072 ad
2127 3006 2358 3072 fratres
2403 3006 2539 3072 ord.
2585 3007 2905 3073 Minorum
2949 3006 3032 3073 de
3079 3006 3525 3073 Observantia.

947 3163 1300 3228 Archivum
1345 3162 1613 3247 periisse
1657 3160 1910 3225 videtur
1955 3162 2227 3227 fortasse
2274 3162 2687 3229 inundatione
2727 3163 2978 3229 Tiberis
3023 3187 3081 3230 a.
3120 3170 3306 3231 1557.
3394 3163 3621 3230 Fride-

733 3269 848 3333 rici
877 3268 911 3332 1
958 3274 1177 3334 autem
1222 3266 1507 3351 diploma
1552 3263 1864 3351 originale
1914 3264 2292 3331 adservatur
2335 3268 2400 3330 in
2446 3267 2688 3332 archivi
2735 3269 2926 3335 castri
2958 3291 3008 3332 s.
3040 3269 3280 3354 Angeli
3308 3269 3489 3334 Arm.
3523 3269 3625 3333 XI

735 3394 789 3436 6.
821 3371 955 3438 VII
999 3393 1060 3436 n.
1095 3375 1175 3436 37
1221 3369 1332 3457 (cf.
1379 3369 1460 3434 N.
1491 3370 1734 3435 Archiv
1764 3368 1928 3433 XIV
1975 3370 2151 3455 353).
2243 3371 2318 3434 In
2351 3372 2627 3436 ecclesia
2670 3374 2813 3457 ipsa
2858 3372 3157 3438 exstabat
3202 3374 3355 3438 olim
3402 3373 3623 3438 tabula

734 3476 1136 3560 perantiqua,
1183 3476 1285 3540 cui
1330 3475 1673 3558 inscriptae
1720 3474 1976 3539 fuerunt
2018 3475 2320 3539 Anacleti
2367 3474 2436 3539 ΙΙ
2480 3474 2568 3560 (n.
2608 3474 2691 3560 1),
2750 3477 3108 3541 Alexandri
3154 3477 3260 3542 ΠΙ
3317 3477 3407 3562 (n.
3441 3478 3510 3563 2)
3556 3483 3624 3543 et

735 3578 1044 3645 Celestini
1074 3579 1178 3643 III
1223 3576 1312 3664 (n.
1348 3578 1414 3663 3)
1460 3577 1918 3664 indulgentiae.
2006 3577 2272 3643 Librum
2317 3581 2771 3645 memoriarum
2811 3580 3222 3646 adservatum
3266 3582 3333 3646 in
3378 3582 3624 3646 scriniis

733 3690 989 3768 patrum
1035 3706 1085 3748 s.
1130 3683 1615 3747 Bartholomaei
1658 3682 1883 3747 laudat
1924 3682 2077 3746 Dini
2122 3704 2185 3767 p.
2220 3686 2279 3746 9.

950 3803 997 3857 0
1051 3827 1116 3851 =
1154 3802 1428 3858 Scritture
1469 3801 1873 3889 ‘appartenenti
1915 3802 2032 3857 alla
2077 3801 2267 3857 chiesa
2309 3803 2368 3858 di
2415 3802 2468 3858 S.
2505 3804 2888 3871 Bartolomeo,
2936 3823 2979 3861 s.
3016 3805 3198 3871 XVII,
3256 3806 3430 3862 Roma
3477 3806 3624 3863 Bibl.

1150 3888 1432 3944 Vallicell.
1471 3889 1516 3943 Ο
1553 3890 1622 3945 26
1657 3889 1695 3944 f.
1719 3889 1825 3944 253
1842 3907 1951 3958 sq.;
1989 3889 2058 3945 cf.
2095 3889 2248 3945 Gett.
2276 3890 2485 3946 Nachr.
2518 3891 2654 3946 1903
2687 3910 2743 3961 p.
2773 3893 2888 3947 138.

940 3977 1000 4031 D
1043 4000 1109 4023 =
1146 3975 1378 4047 Ughelli
1416 3977 1802 4046 Autographa,
1838 3996 1880 4032 s.
1906 3976 2092 4041 XVII,
2128 3977 2246 4032 cod.
2273 3976 2403 4032 Vat.
2431 3977 2594 4032 Barb.
2630 3977 2767 4032 3227
2803 3978 2920 4047 (XL
2956 3980 3046 4048 24)
3082 3980 3119 4033 f.
3144 3979 3244 4035 281
3290 3998 3389 4046 ‚ex
3423 3980 3622 4036 tabula

1144 4061 1415 4119 ecclesiae
1451 4081 1492 4118 s.
1518 4061 1937 4119 Bartholomaei
1973 4063 2114 4119 adeo
2145 4065 2216 4120 ob
2244 4066 2582 4120 vetustatem
2608 4064 2957 4134 oblitterata,
2994 4069 3059 4122 ut.
3082 4065 3325 4122 describi
3361 4071 3421 4123 et
3456 4084 3626 4123 anno-

1146 4149 1258 4205 tari
1296 4149 1388 4204 vix
1423 4149 1732 4220 potuerit⁸;
1770 4149 1838 4205 cf.
1874 4149 2027 4205 Gott.
2067 4150 2272 4206 Nachr.
2308 4150 2446 4207 1903
2481 4169 2533 4221 p.
2560 4152 2646 4207 96.

739 4259 779 4319 1

737 4361 1176 4425 Anacletus
1220 4358 1290 4423 Π
1333 4358 1590 4445 Angelo
1637 4367 1704 4425 et
1746 4360 2031 4424 Brisotto
2076 4360 2469 4445 presbyteris
2514 4361 2669 4426 6661.
2717 4385 2766 4426 s.
2811 4362 3179 4428 Adalberti:
3228 4260 3624 4449 segdltzzm

736 4464 1005 4529 liberam
1047 4485 1188 4529 esse
1234 4465 1440 4528 sancit
1470 4470 1537 4528 et
1567 4463 1713 4540 illis,
1760 4465 1870 4549 qui
1915 4465 1980 4527 in
2010 4465 2284 4530 ecclesia
2315 4467 2728 4551 sepeliuntur,
2774 4466 3126 4532 maximam
3157 4468 3623 4555 indulgentiam

740 4568 1056 4634 concedit.

950 4679 998 4734 G
1023 4680 1069 4746 f.
1092 4686 1190 4734 272
1225 4679 1440 4750 Fraym.
1486 4708 1555 4720 —
1599 4677 1739 4734 Edd.
1775 4679 1919 4733 Diui
1944 4696 2003 4748 p.
2034 4686 2109 4735 13.
2175 4681 2312 4735 Θόη.
2339 4679 2545 4735 Nachr.
2585 4687 2718 4736 1903
2742 4698 2804 4750 p.
2828 4690 2927 4737 147
2956 4699 3012 4738 n.
3038 4689 3087 4738 2.
3124 4712 3193 4723 —
3231 4682 3356 4752 Roy.
3393 4682 3502 4738 JL.
3545 4714 3625 4739 —.

734 4820 781 4885 2
3167 4826 3206 4886 1
3254 4824 3336 4886 59
3471 4826 3509 4886 1

739 4923 1197 4989 Alexander
1240 4923 1346 4988 III
1392 4924 1726 4989 confirmat
1769 4924 2202 5010 indulgentias
2247 4946 2584 4992 concessas
2628 4949 2668 4993 a
2712 4825 3316 5013 praedecessoiilius
3339 4827 3538 4994 suffe.)

949 5051 994 5102 0
1013 5051 1056 5116 f.
1072 5058 1183 5106 272.
1220 5051 1280 5105 D
1300 5051 1452 5117 fi281
1475 5053 1693 5123 Fraym.
1717 5085 1782 5093 —
1808 5053 1954 5109 Edd.
1973 5054 2115 5108 D'm'
2132 5072 2189 5123 p.
2204 5061 2277 5110 13.
2318 5054 2679 5112 Gott.Naclzr.
2700 5063 2827 5112 1903
2840 5075 2898 5126 p.
2914 5067 3003 5114 154
3028 5075 3084 5113 n.
3101 5065 3151 5113 8.
3180 5089 3243 5098 —
3271 5056 3516 5126 Re9.JL.
3543 5088 3624 5111 —.

1116 5165 1166 5202 a.
1203 5148 1341 5202 1174
1384 5148 1542 5213 (1179
1557 5149 1604 5214 ‘?)
1660 5148 1951 5203 ecclesiam
2006 5150 2080 5204 ab
2135 5149 2449 5204 Alexandro
2497 5152 2577 5205 ΙΙΙ
2635 5156 3015 5208 consecratam
3071 5152 3261 5220 fuisse,
3327 5151 3626 5218 panciroli,

947 5233 1237 5300 Severum,
1277 5231 1476 5288 Piazza
1511 5235 1723 5304 aliique
1761 5236 2058 5302 affirmant,
2095 5254 2207 5305 quo
2243 5242 2574 5308 argumento
2611 5238 2902 5294 nescimus.
