4065 6049
814 472 891 531 34
2169 462 2361 519 Roma.

810 639 1169 704 Mommsen
1218 662 1277 723 p.
1328 642 1495 725 110).
1588 640 1882 703 Occurrit
1949 640 2144 703 etiam
2207 641 2268 703 in
2329 641 2481 704 Vita
2541 641 2779 704 Leonis
2825 640 2928 703 III
2975 639 3046 724 (l.
3093 660 3146 705 c.
3191 640 3261 703 II
3292 639 3424 727 22).
3514 642 3711 706 Putat

810 744 1175 825 Duchesne,
1222 743 1582 827 cappellam
1624 768 1672 807 s.
1708 742 2017 826 Stephani
2066 743 2335 807 eandem
2384 743 2580 809 fuisse
2626 766 2701 810 ac
2747 767 2796 808 s.
2829 745 3133 809 Venantii
3181 744 3289 829 (cf.
3321 765 3514 830 supra
3546 745 3708 809 Ora-

815 850 1046 911 torium
1093 871 1140 911 s.
1175 848 1480 912 Venantii
1511 848 1593 911 ad
1626 846 1912 932 Fontes).
1992 847 2296 912 Ceterum
2330 849 2756 933 privilegium,
2805 869 2932 934 quo
2963 848 3264 912 monachi
3295 870 3345 912 s.
3379 846 3708 933 Stephani,

813 952 976 1015 sicut
1021 950 1316 1014 monachi
1350 951 1618 1015 aliorum
1652 951 2185 1015 monasteriorum
2232 952 2410 1015 iuxta
2442 950 2773 1016 basilicam
2805 952 3333 1037 Lateranensem,
3380 951 3466 1017 ad
3497 950 3712 1017 divina

813 1054 1025 1119 officia
1071 1055 1136 1117 in
1182 1075 1261 1118 ea
1305 1053 1694 1119 celebranda
1740 1056 2007 1118 instituti
2057 1055 2346 1138 fuerunt,
2393 1054 2591 1121 Liber
2637 1055 3022 1139 pontificalis
3082 1056 3335 1121 silentio
3380 1057 3707 1140 praeterit.

811 1158 963 1222 Alia
1009 1158 1397 1243 ignoramus,

1578 1413 2093 1482 nonasterium
2141 1428 2236 1479 ss.
2270 1411 2510 1496 Sergii
2555 1413 2632 1480 et
2675 1412 2922 1481 Bachl.

1021 1572 1101 1626 Cf.
1141 1571 1288 1625 Eccl.
1326 1589 1368 1625 s.
1396 1569 1657 1624 Iohannis
1694 1569 1753 1624 in
1793 1570 2083 1626 Lat-erano,

1030 1729 1230 1814 Origo
1279 1739 1345 1793 et
1389 1728 1646 1792 fortuna
1692 1750 1807 1791 nos
1851 1728 2014 1792 latet
2058 1728 2245 1793 huius
2291 1731 2681 1813 monasterii,
2730 1729 2903 1814 quod
2948 1731 3230 1815 positum
3276 1730 3490 1794 fuerat
3534 1730 3709 1793 iuxta

812 1834 1085 1898 formam
1135 1833 1573 1918 aquaeductus
1604 1831 1973 1916 patriarchii
2005 1833 2479 1897 Lateranensis.
2556 1832 2830 1897 Videtur
2874 1835 3003 1898 iam
3036 1835 3358 1899 exstitisse
3406 1834 3707 1918 tempori—

812 1939 929 2003 bus
993 1939 1228 2002 Leonis
1278 1938 1379 2000 III
1437 1937 1607 2021 (Lib.
1656 1937 1881 2021 pontif.
1930 1936 2031 2000 ed.
2078 1937 2423 2002 Dnchesne
2483 1938 2546 2001 II
2598 1937 2728 2023 24).
2831 1937 3291 2004 Monasterium
3344 1935 3712 2001 habitarunt

811 2043 1124 2107 moniales
1170 2044 1474 2126 primum;
1524 2041 1906 2106 restauravit
1950 2042 2410 2127 monachisque
2457 2042 2722 2106 tradidit
2766 2042 3100 2107 Paschalis
3129 2042 3163 2106 I
3207 2040 3298 2125 (n.
3338 2041 3423 2127 1).

810 2216 890 2278 *1
3262 2214 3628 2296 (817—24)

812 2319 1209 2399 Paschalis
1254 2320 1284 2383 I
1351 2320 1675 2403 „repperit
1733 2319 2193 2382 monasterium
2250 2341 2330 2382 ss.
2382 2316 2590 2403 Sergii
2648 2327 2715 2384 et
2756 2319 2988 2384 Bachii
3046 2368 3059 2383 .
3105 2368 3119 2384 .
3175 2317 3367 2384 rebus
3421 2317 3713 2383 omnibus

812 2423 1205 2505 desolatum,
1254 2425 1345 2487 ita
1389 2431 1460 2487 ut
1504 2422 1881 2487 ancillarum
1928 2421 2189 2485 Domini
2236 2425 2681 2508 congregatiO,
2743 2444 2909 2508 qnae
2957 2421 3200 2487 ibidem
3261 2423 3498 2507 inerat,
3554 2444 3710 2507 pau·

814 2529 1081 2611 pertatis
1142 2528 1360 2610 inopia
1412 2526 1618 2591 nullas
1673 2527 2095 2609 omnipotenti
2144 2525 2422 2589 Domino
2468 2528 2832 2612 sanctisque
2878 2527 3049 2591 illius
3093 2524 3319 2591 laudes
3366 2525 3712 2590 decantare

812 2632 1101 2696 valerent
1147 2682 1161 2695 .
1200 2681 1212 2693 .
1250 2682 1285 2713 .,
1334 2634 1397 2694 in
1444 2652 1522 2694 eo
1570 2629 2025 2693 monachorum
2074 2629 2437 2715 adgregans
2468 2632 2691 2696 statuit
2720 2632 3230 2714 conventionem,
3274 2630 3496 2695 multis
3539 2629 3711 2694 idem

814 2736 1270 2798 monasterium
1319 2734 1527 2798 ditans
1574 2733 1985 2797 facultatibus
2032 2734 2094 2796 in
2142 2734 2430 2817 familiis,
2491 2736 2759 2818 mansis,
2805 2736 3035 2817 vineis,
3083 2733 3410 2817 domibus,
3455 2732 3714 2798 urbanis

815 2845 1009 2922 atque
1043 2838 1292 2902 rusticis
1334 2837 1494 2900 locis
1526 2837 1911 2920 amplianter
1956 2837 2477 2922 sufficienterque
2510 2839 2976 2923 multiplicavit,
3026 2845 3343 2924 quatenus
3372 2839 3516 2923 ipsa
3562 2857 3710 2901 con-

813 2943 1109 3028 gregatio
1155 2940 1444 3005 residens
1495 2991 1507 3004 .
1545 2991 1558 3005 .
1608 2940 1833 3005 laudes
1879 2950 1945 3004 et
1987 2941 2260 3026 hymnos
2290 2949 2478 3006 nocte
2533 2942 2767 3029 dieque
2800 2941 3207 3007 modulanter
3252 2943 3318 3006 in
3370 2962 3513 3006 ven.
3558 2940 3711 3005 eccl.

817 3046 1169 3109 Salvatoris
1218 3097 1231 3110 .
1268 3097 1280 3109 .
1330 3047 1510 3110 iuxta
1552 3046 1894 3109 Lateranis
1939 3045 2286 3110 decantent
2330 3046 2662 3110 instituit“.

1025 3156 1204 3211 Laud.
1243 3157 1306 3208 in
1341 3156 1463 3209 Vita
1502 3155 1783 3209 Paschalis
1819 3156 1861 3208 Ι
1890 3157 2030 3224 (Lib.
2064 3158 2267 3224 pontif.
2306 3156 2384 3212 ed.
2422 3157 2706 3212 Due-hosne
2741 3158 2932 3224 1158).
2970 3187 3035 3196 —
3075 3157 3198 3227 Ray.
3225 3157 3341 3213 JE.
3379 3186 3461 3212 —.

1386 3483 1932 3553 Xenodochium
1981 3484 2190 3551 iuxta
2234 3484 2590 3568 palatlum
2637 3485 3142 3553 Lateranense.

1024 3640 1107 3696 of.
1144 3639 1292 3694 Eccl.
1329 3658 1372 3694 s.
1397 3639 1664 3695 Iohannis
1699 3638 1756 3693 in
1796 3639 2089 3695 Laterano.
2128 3671 2192 3678 —
2229 3640 2312 3695 De
2347 3639 2622 3710 hospitali
2658 3659 2701 3695 s,
2727 3639 2993 3695 Iohannis
3030 3639 3087 3694 in
3126 3640 3429 3706 Laterano,
3466 3659 3509 3695 s.
3537 3639 3712 3704 XVII,

816 3728 933 3783 cod.
962 3724 1244 3781 vallicell.
1284 3725 1330 3780 G
1357 3727 1427 3782 50
1463 3744 1514 3780 n.
1542 3725 1608 3780 68
1647 3726 1823 3792 (Gott.
1860 3726 2070 3781 Nachr.
2110 3726 2242 3782 1903
2280 3744 2334 3796 p.
2363 3725 2500 3792 134).

1030 3883 1312 3948 Domum
1365 3882 1753 3967 hospitalem
1812 3884 1990 3947 iuxta
2051 3882 2358 3967 palatium
2407 3883 2846 3948 Lateranense
2902 3885 3165 3970 originis
3217 3884 3503 3948 incertae
3550 3891 3712 3948 tem·

816 3987 1078 4072 poribus
1124 3986 1458 4052 Paschalis
1489 3987 1559 4050 II
1605 3988 1668 4049 in
1714 4008 1897 4050 nsum
1931 4007 2287 4071 pauperum
2332 3988 2692 4051 restitutam
2727 4009 2868 4053 esse
2916 3988 3190 4074 legimus
3235 3989 3300 4052 in
3340 3985 3616 4052 Honorii
3645 3988 3710 4050 Π

816 4091 991 4155 bulla
1038 4089 1127 4174 (n.
1163 4091 1251 4172 2).
1320 4089 1612 4155 Eandem
1659 4092 1895 4155 Lucius
1927 4090 1995 4153 II
2044 4091 2380 4175 privilegio
2429 4113 2542 4156 suo
2590 4114 2647 4155 a.
2687 4096 2849 4156 1145
2895 4092 3355 4157 Lateranensis
3400 4092 3712 4155 ecclesiae

817 4195 1137 4259 canonicis
1205 4195 1526 4259 commisit
1592 4193 1675 4258 ad
1735 4193 2235 4275 meliorandum,
2317 4194 2672 4280 regendum
2743 4202 2809 4260 et
2869 4194 3338 4280 disponendum
3396 4193 3484 4280 (v.
3540 4193 3706 4258 Eccl.

817 4321 865 4361 s.
921 4298 1227 4362 Iohannis
1295 4300 1359 4361 in
1415 4299 1740 4362 Laterano
1809 4319 1872 4363 n.
1920 4298 2046 4382 17).
2158 4296 2261 4361 De
2330 4297 2472 4363 loco
2532 4299 2611 4363 cf.
2674 4298 2745 4363 O.
2797 4298 3140 4364 Corvisieri
3208 4300 3274 4363 in
3328 4299 3709 4364 Buonarroti

817 4399 955 4465 Ser.
990 4401 1094 4464 III
1141 4408 1183 4465 t.
1218 4402 1250 4465 I
1296 4401 1525 4488 (1870)
1569 4424 1632 4486 p.
1672 4407 1790 4466 177
1825 4423 1918 4487 sq.

1033 4591 1461 4674 Documenta,
1508 4612 1675 4677 quae
1708 4596 2005 4675 spectant
2051 4592 2134 4656 ad
2172 4592 2296 4657 hoc
2340 4593 2835 4677 xenodochium,
2884 4592 3306 4658 adservantur
3353 4594 3417 4657 in
3455 4594 3710 4658 canoni·

818 4715 1036 4759 corum
1082 4696 1616 4760 Lateranensium
1664 4693 1981 4759 tabulario
2029 4694 2137 4780 (cf.
2185 4696 2227 4759 l.
2262 4697 2364 4781 c.).

1024 4886 1075 4938 A
1132 4907 1198 4929 =
1236 4883 1391 4955 Orig.
1428 4883 1605 4939 Roma
1642 4884 1806 4939 Arch.
1844 4884 2156 4955 capitolare
2193 4884 2251 4940 di
2288 4885 2339 4941 S.
2365 4885 2643 4941 Giovanni
2678 4886 2736 4940 in
2775 4885 3070 4942 Laterano.

1024 4971 1083 5024 D
1129 4993 1195 5015 =
1233 4969 1547 5024 Bullatium
1582 4970 1717 5025 eccl.
1757 4971 2104 5036 Lateranen„
2144 4990 2186 5025 S.
2211 4971 2343 5026 XVI
2380 4972 2472 5039 in„
2509 4972 2585 5027 ib.
2622 4972 2692 5039 (A
2717 4971 2940 5041 XXXI).

1026 5056 1086 5109 Ε
1131 5079 1197 5102 =
1236 5055 1545 5111 Bullatium
1583 5057 1853 5113 basilicae
1889 5057 2219 5115 Lateranen.
2255 5077 2305 5113 a.
2334 5059 2483 5124 1740,
2521 5058 2596 5114 ib.
2634 5060 2704 5122 (A
2727 5060 2819 5127 II).

1035 5141 1081 5194 0
1132 5165 1196 5188 =
1234 5141 1511 5212 Onuphrii
1549 5143 1814 5199 Panvinii
1842 5143 2109 5210 Schedae‚
2147 5163 2187 5199 s,
2215 5144 2360 5209 XVI,
2399 5144 2574 5199 Roma
2614 5145 2776 5201 Arch.
2807 5145 2934 5201 Vat.
2963 5145 3119 5200 Miso.
3146 5145 3293 5199 Arm.
3322 5143 3400 5198 xl
3438 5149 3480 5200 t.
3505 5144 3575 5200 34
3603 5142 3711 5213 [0¹]

1234 5233 1294 5284 et
1330 5230 1485 5284 Misc.
1512 5230 1659 5284 Arm.
1687 5229 1788 5283 XV
1822 5233 1864 5285 t.
1896 5230 1992 5284 128
2032 5229 2166 5302 [0²1.
