4065 6049
803 482 1008 539 Schola.
1046 484 1333 539 Frisonum
1374 514 1433 525 -
1473 484 1622 540 Eccl.
1658 504 1699 541 S.
1727 484 1954 556 Aegidii
1990 484 2150 540 iuxta
2186 488 2405 555 portam
2445 486 2698 541 Auream.
3071 490 3189 552 153

301 659 382 720 *2
2935 663 3102 722 1191

302 765 352 827 O
368 766 431 827 el
448 786 482 826 e
497 788 524 824 s
540 766 644 827 tin
659 787 697 828 u
711 788 740 825 s
787 764 887 826 III
935 765 1229 829 concedit
1276 767 1679 850 privilegium
1725 766 2059 831 libertatis,

507 875 682 929 Laud.
723 876 784 927 in
823 877 1007 929 (leucii
1055 876 1171 930 Lib.
1209 892 1341 930 cen-⁴3.
1382 876 1440 931 S.
1468 877 1537 930 R.
1564 878 1633 932 E.
1675 877 1773 941 (cd.
1806 876 2317 931 Fabae-Duchesne
2353 876 2394 929 I
2422 878 2504 945 6).·
2542 876 2796 930 Ecclesia.
2830 896 2872 930 8.
2900 875 3191 930 Michaelis

303 964 462 1017 iuxta
494 962 826 1017 Palatiolum
857 963 906 1015 11
943 964 1041 1017 sol.
1072 964 1273 1018 Lucen.
1298 967 1570 1028 monetae,
1595 965 1742 1019 sicut
1767 963 1939 1019 etiam
1964 967 2206 1035 apparet
2242 981 2308 1018 ex
2345 962 2645 1035 privilegio
2683 962 2894 1017 domini
2921 961 3191 1018 Celestiui

301 1066 484 1119 papae
521 1049 600 1102 lll
640 1068 786 1104 anno
823 1049 941 1105 eius
978 1051 1172 1121 primo.
1212 1081 1275 1090 —
1314 1050 1449 1120 Req.
1486 1050 1596 1105 JL.
1634 1058 1800 1107 16701.

988 1240 1369 1325 Hospitale
1416 1259 1472 1309 s.
1505 1242 1887 1325 Peregrini
1929 1242 2007 1308 ln
2053 1240 2503 1309 Naumachia.

1481 1355 1620 1421 (San
1659 1355 2020 1428 Penegrino.)

508 1465 890 1520 Panciroli
923 1469 1015 1536 ¹p.
1042 1467 1168 1531 6985
1196 1471 1292 1537 ²p.
1318 1468 1435 1522 515.
1464 1497 1523 1505 —
1554 1467 1925 1522 Severauo
1962 1486 2016 1538 p.
2048 1468 2207 1538 llsq.
2238 1499 2301 1508 —
2329 1465 2674 1537 Torrigio
2713 1466 2786 1521 Le
2822 1483 2976 1520 sacre
3002 1467 3190 1536 grette

305 1553 342 1584 ²·
368 1553 459 1620 ³1).
488 1552 605 1606 309.
646 1582 707 1591 -
748 1553 987 1608 Alveri
1028 1555 1222 1609 11121.
1260 1585 1326 1592 —
1364 1554 1792 1610 Cancellieri
1841 1555 1919 1610 De
1952 1554 2267 1610 secretariis
2305 1554 2756 1609 bas.Vaticanae
2796 1554 2855 1607 11Ἰ
2885 1554 2987 1608 932
3006 1570 3086 1621 sq.
3126 1582 3190 1590 —

302 1638 668 1693 Armellini
712 1642 727 1673 ¹
750 1658 802 1709 p.
829 1641 954 1704 501;
996 1643 1091 1710 ²p.
1118 1640 1220 1694 786
1238 1660 1318 1709 sq.
1356 1672 1424 1679 —
1471 1642 1550 1697 De
1589 1642 1787 1696 Waal
1826 1640 1882 1695 in
1918 1642 2072 1696 Rom.
2102 1641 2539 1704 Quartalschrift
2564 1642 2642 1694 111
2668 1641 2845 1709 (1889)
2882 1641 2987 1694 386
3004 1657 3085 1707 sq.

517 1763 857 1827 Conditum
905 1786 944 1828 a
998 1765 1217 1828 Leone
1264 1764 1366 1827 III
1413 1764 1500 1849 (n.
1541 1764 1625 1849 1),
1681 1766 2052 1830 conceditur
2112 1788 2151 1830 a
2209 1765 2524 1830 Paschale
2571 1764 2604 1828 I
2660 1764 3049 1827 monasterio
3108 1783 3189 1824 ss.

305 1869 603 1952 Agathae
651 1877 717 1932 ct
762 1868 1083 1933 Caeciliae
1134 1868 1615 1952 Transtiberim,
1663 1892 1703 1935 a
1748 1872 1967 1935 Leone
2014 1869 2114 1934 IX
2159 1891 2311 1934 vero
2359 1870 2747 1934 monasterio
2793 1891 2842 1932 s.
2879 1865 3190 1950 Stephani

309 1974 567 2037 maioris
613 1972 698 2057 (n.
733 1971 820 2057 6).
911 1974 1152 2037 Postea
1217 1975 1429 2037 unitur
1488 1974 1768 2057 capitulo
1823 1997 1872 2038 s.
1907 1974 2085 2038 Petri
2145 1975 2210 2038 in
2243 1973 2591 2057 Vaticano,
2660 1974 2836 2036 cuius
2904 1972 3189 2035 canonici

303 2100 358 2141 a.
402 2082 560 2140 1590
623 2078 961 2141 ecclesiam
1019 2100 1067 2140 s.
1101 2077 1435 2162 Peregrini
1489 2085 1807 2143 vetustate
1872 2077 2299 2143 collabentem
2358 2069 2813 2143 instaurarunt)
2910 2076 3191 2140 Oratorii

303 2188 518 2245 autem
582 2204 629 2243 s.
665 2182 998 2265 Peregrini
1056 2182 1119 2244 in
1176 2180 1477 2265 hospitali
1535 2182 1852 2246 dominico
1897 2182 1980 2247 ad
2025 2182 2493 2247 Naumachiam
2539 2183 2779 2247 mentio
2838 2182 2965 2244 iam
3011 2180 3084 2243 fit
3126 2180 3191 2242 in

303 2284 456 2348 Vita
501 2286 738 2349 Leonis
783 2284 884 2348 III
931 2283 1103 2369 (Lib.
1151 2285 1375 2368 pontif.
1424 2285 1526 2350 ed.
1573 2286 1917 2351 Duchesne
1962 2285 2034 2349 II
2080 2286 2211 2371 25).

302 2423 382 2484 *1
2706 2423 3101 2507 (795-816)

304 2529 467 2591 Leo
514 2526 616 2589 III
666 2527 1089 2612 „hospitalem
1137 2528 1196 2596 b.
1230 2529 1426 2593 Petro
1474 2536 1680 2612 apost.
1727 2531 1790 2592 in
1836 2531 1978 2593 loco
2026 2553 2088 2615 q.
2121 2530 2181 2594 d.
2229 2529 2631 2594 Naumachia
2674 2550 2714 2593 a
2761 2527 3191 2592 fundamentis

308 2633 556 2696 noviter
602 2639 994 2712 construens,
1043 2632 1295 2697 diversa
1340 2634 1469 2698 illic
1515 2635 1850 2698 domorum
1884 2634 2181 2698 aedificia
2212 2634 2541 2698 decoravit
2588 2684 2601 2697 .
2636 2681 2652 2695 .
2698 2632 2774 2696 In
2821 2654 2948 2717 qua
2993 2633 3190 2695 etiam

305 2786 318 2797 .
356 2786 368 2797 .
419 2742 767 2820 martyrum
816 2758 1086 2820 corpora
1132 2737 1430 2803 deferens
1476 2738 1834 2803 recondidit
1878 2745 1944 2803 et
1989 2740 2223 2821 omnia,
2272 2760 2437 2823 quae
2483 2740 2547 2802 in
2593 2736 2924 2822 praedicto
2970 2736 3187 2821 hospi-

306 2840 431 2903 tale
489 2848 673 2904 erant
718 2842 1101 2924 necessaria,
1148 2844 1518 2907 construxit.
1611 2842 1892 2907 Praedia
1937 2845 2134 2907 etiam
2181 2844 2309 2906 illic
2353 2842 2598 2906 urbana
2642 2842 2740 2906 vel
2790 2842 3027 2905 rustica
3070 2862 3188 2924 pro

302 2944 622 3007 alimoniis
671 2942 905 3009 Christi
953 2968 1309 3031 pauperum
1356 2968 1471 3010 seu
1516 2946 1780 3011 advenis
1825 2947 1930 3011 vel
1974 2948 2332 3033 peregrinis
2379 2996 2393 3010 .
2430 2997 2442 3010 .
2492 2946 2784 3010 obtulit&

505 3056 686 3109 Laud.
725 3057 788 3109 in
819 3056 946 3110 Vita
993 3058 1199 3113 Leonis
1235 3060 1342 3113 ΙΙΙ
1388 3059 1532 3126 (Lib.
1561 3059 1765 3128 pontif.
1802 3057 1879 3113 cd.
1917 3058 2206 3114 Duchesne
2241 3059 2315 3113 11
2341 3060 2435 3129 28)
2480 3063 2526 3112 et
2571 3059 2631 3112 in
2674 3058 2799 3112 Vita
2842 3057 3125 3113 Paschalis
3158 3055 3199 3108 Ι

296 3142 609 3209 (Duchesne
643 3144 720 3197 II
746 3148 846 3213 57).
888 3175 947 3184 —
987 3145 1111 3214 Rea.
1147 3146 1258 3201 JE.
1298 3178 1381 3202 —.

895 3334 1216 3402 Ecclesia
1261 3354 1318 3404 s.
1349 3336 1634 3420 Aegidii
1678 3337 1888 3403 iuxta
1933 3338 2222 3421 portam
2267 3336 2600 3405 Auream.

1513 3451 1696 3517 (Sant’
1736 3449 1972 3520 Egidio.)

502 3559 863 3614 Pauciroli
904 3563 919 3594 ¹
945 3580 997 3630 p.
1023 3562 1157 3625 3053
1198 3566 1293 3633 ²p.
1320 3564 1439 3618 517.
1479 3593 1544 3602 —
1595 3563 1835 3617 Alveri
1874 3563 1925 3615 11
1966 3563 2081 3617 121.
2135 3593 2193 3602 —
2248 3563 2425 3617 Breve
2462 3561 2671 3617 notizia
2704 3561 2855 3616 della
2904 3559 3094 3614 chiesa
3130 3559 3187 3613 di

296 3647 346 3698 S.
377 3645 575 3714 Egidio
612 3648 780 3701 abate
827 3649 917 3702 nel
956 3649 1128 3719 borgo
1168 3649 1436 3720 Angelico
1477 3651 1563 3717 (ln
1599 3650 1777 3705 Roma
1816 3653 1989 3718 1790).
2025 3681 2092 3689 —
2130 3650 2453 3706 Forcella
2489 3649 2566 3702 vl
2600 3650 2703 3703 315
2721 3667 2803 3717 sq.
2839 3679 2907 3686 —
2945 3647 3189 3700 Armel·

297 3731 428 3786 lini
471 3737 565 3801 ¹1).
592 3734 718 3796 224;
758 3736 778 3766 ²
803 3752 856 3803 p.
885 3735 1002 3789 788,

518 3854 661 3927 Quo
709 3861 1001 3940 tempore
1049 3865 1265 3923 erecta
1311 3860 1392 3923 sit
1435 3859 1598 3923 haec
1645 3859 1918 3923 ecclesia
1964 3860 2351 3943 ignoramus.
2442 3859 2519 3922 In
2576 3858 2773 3923 Libro
2839 3855 3186 3942 pontificali

299 3957 474 4020 nulla
522 3957 602 4022 de
649 3980 729 4022 ea
776 3961 1003 4024 notitia
1048 3963 1382 4027 invenitur.
1474 3963 1850 4028 Alexander
1880 3963 1984 4026 III
2030 3985 2176 4028 eam
2207 3966 2521 4028 concessit
2550 3964 2746 4048 priori
2792 3969 2858 4027 et
2890 3960 3190 4025 fratribus

300 4084 347 4123 s.
384 4060 673 4145 Sepulcri
720 4062 1296 4149 Hierosolymitaui
1341 4065 1489 4152 (JL.
1549 4067 1781 4153 13184)
1827 4089 1954 4131 una
1998 4088 2144 4131 cum
2191 4068 2495 4151 hospitali
2540 4068 2733 4131 domo
2781 4069 2841 4131 ei
2888 4068 3191 4150 contigua

299 4163 381 4227 ad
436 4165 765 4249 religionis
823 4174 1060 4232 statum
1120 4171 1185 4233 in
1243 4192 1321 4235 ea
1374 4171 1865 4236 informandum.
1965 4172 2326 4236 Bonifatius
2358 4171 2524 4236 VIII
2581 4171 2859 4256 denique
2912 4193 2970 4234 a.
3026 4175 3187 4235 1300

303 4269 485 4351 april.
521 4274 599 4333 27
650 4272 988 4336 ecclesiam
1034 4295 1149 4338 seu
1194 4277 1555 4360 cappellam
1602 4299 1649 4338 s.
1682 4276 1946 4360 Aegidii
1991 4277 2147 4340 foris
2192 4297 2408 4340 muros
2450 4275 2672 4359 Urbis,
2718 4276 2803 4340 ad
2849 4276 3187 4340 ecclesiam

303 4372 955 4457 lIierosolymitauam
1002 4385 1421 4463 spectantem,
1468 4401 1610 4443 cum
1657 4380 1964 4465 parochia
2008 4385 2076 4444 et
2119 4381 2525 4465 parochianis
2557 4381 2837 4464 capitulo
2884 4378 3187 4444 basilicae

302 4475 655 4542 vaticanae
725 4483 1068 4560 concessit,
1137 4485 1314 4547 salvo
1383 4505 1579 4548 censu
1645 4484 1783 4549 sedi
1847 4485 2243 4569 apostolicae
2306 4487 2552 4549 ratione
2620 4485 2807 4548 huius
2874 4485 3186 4549 ecclesiae

300 4581 480 4643 annis
526 4582 790 4667 singulis
835 4586 1260 4668 persolvendo
1308 4587 1641 4672 (Potthast
1683 4589 1847 4674 Reg.
1898 4593 1975 4652 24
1999 4589 2175 4674 945).

517 4724 956 4809 Privilegium,
986 4747 1112 4810 quo
1146 4727 1458 4791 ecclesiae
1489 4750 1537 4790 s.
1564 4727 1827 4812 Aegidii
1857 4749 2084 4792 census
2114 4728 2223 4793 ille
2256 4727 2724 4813 imponebatur,
2757 4728 3187 4803 desideratum

300 4828 494 4890 immo
544 4850 582 4892 a
628 4850 754 4913 quo
789 4830 1090 4912 pontifice
1126 4852 1496 4894 concessum
1529 4831 1721 4896 fuerit
1752 4833 2138 4917 ignoramus.
2228 4832 2559 4897 Laudatur
2591 4839 2805 4896 tamen
2838 4831 2919 4897 ab
2951 4831 3187 4895 Albino

300 4937 365 4996 et
398 4933 460 4994 in
483 4932 702 4997 Cencii
728 4932 867 4996 Lib.
892 4954 1059 4998 cens.
1088 4933 1149 4998 S.
1172 4934 1251 4998 R.
1277 4934 1351 4999 E.
1378 4934 1507 5018 (cd.
1532 4934 2122 5000 Fabrc-Duchesne
2157 4936 2186 4999 I
2220 4941 2289 5013 63
2323 4936 2390 4999 II
2425 4935 2590 5021 109),
2624 4938 2833 5020 prouti
2866 4938 3182 5021 sequitur:

518 5035 850 5118 „Ecclesia
881 5060 928 5100 s.
954 5037 1170 5122 Egidii
1201 5040 1381 5103 iuxta
1411 5046 1663 5124 portam
1689 5040 1974 5104 Auream
2007 5040 2037 5103 I
2069 5041 2350 5105 unctiam
2384 5041 2891 5125 melequinorum
2924 5040 3187 5124 singulis

301 5141 483 5202 annis
531 5138 847 5226 [Ecclesia
906 5164 953 5205 s.
991 5141 1205 5226 Egidii
1250 5163 1394 5206 cum
1457 5142 1761 5226 hospitali
1815 5144 1938 5207 sita
1997 5144 2181 5208 iuxta
2235 5144 2559 5208 civitatem
2619 5144 3016 5208 Leonianam
3064 5142 3186 5207 XL

299 5244 541 5308 solidos
586 5244 1055 5310 affortiatorum
1099 5248 1164 5309 in
1209 5246 1373 5311 festo
1421 5270 1470 5311 s.
1500 5244 1894 5334 Andreac].“
