4065 6049
622 432 701 488 VI
1846 428 2277 484 PRAEFATIO.

623 606 846 671 melius
888 606 1356 684 absolveremus,
1401 606 1474 671 in
1517 607 1786 671 editione
1828 611 2067 685 nostra,
2114 605 2333 670 ordine
2376 604 2829 687 chronoloyico,
2872 624 3053 684 quem
3097 603 3278 684 Jaffe
3318 604 3504 668 unice

622 729 931 806 adhibuit,
979 729 1264 809 neqlecto,
1310 728 1499 792 iuxta
1529 728 1809 792 ordinem
1840 749 2072 804 eorum,
2117 727 2206 791 ad
2234 747 2389 808 quos
2417 726 2788 790 documenta
2829 726 3026 790 missa
3052 731 3222 804 sunt,
3268 729 3506 806 reyesta

623 850 1068 931 disposuimus,
1158 850 1378 913 Emnt
1420 850 1618 931 »iq-itur
1672 850 1743 913 in
1784 849 1898 913 hoc
1941 849 1988 914 I
1990 847 2229 913 taliae
2266 847 2737 929 pontificiae
2778 847 2993 928 primo
3036 846 3349 911 volumine
3389 846 3505 910 sub

623 992 739 1036 suo
784 972 1089 1052 cuiusque
1144 970 1328 1036 titulo
1381 970 1745 1053 privileyia,
1801 970 2048 1036 litterae
2103 970 2358 1053 aliaque
2409 975 2584 1048 aeta,
2643 991 2806 1052 quae
2848 968 3130 1034 Romani
3173 970 3508 1051 pontifices

624 1092 801 1157 urbis
845 1092 1121 1157 Romae
1164 1092 1447 1167 ecclesii-5,
1492 1096 1894 1160 monasteriis
1935 1094 2327 1178 singulisque
2356 1092 2651 1174 personis
2693 1096 3144 1160 concesserunt.
3221 1090 3510 1156 Invenies

626 1217 861 1291 autem,
920 1213 1174 1296 beniqne
1218 1213 1432 1292 lector,
1486 1214 1558 1278 in
1600 1215 1870 1297 sinqulis
1913 1217 2125 1280 titulis
2161 1215 2443 1297 primum
2487 1214 2787 1280 librorum
2829 1215 3122 1292 indicem,
3167 1214 3396 1296 quibus
3438 1214 3511 1278 in

624 1332 737 1396 hoc
790 1355 969 1415 opere
1013 1336 1382 1401 instruendo
1424 1336 1532 1400 usi
1572 1359 1811 1414 sumus,
1856 1336 2131 1402 eoeclusis
2174 1344 2383 1402 tamen
2426 1359 2554 1402 non
2586 1338 2838 1419 pauciS,
2883 1337 2997 1419 qui
3040 1357 3169 1401 rem
3213 1335 3507 1400 archaeo-

627 1453 903 1536 loqicam,
948 1477 992 1520 a
1033 1457 1211 1521 nobis
1262 1457 1567 1535 alienam,
1623 1459 1989 1541 respiciunt.
2081 1459 2437 1542 Sequentur
2488 1460 2564 1524 de
2622 1479 3009 1540 unaquaque
3051 1479 3119 1523 re
3176 1457 3513 1522 historicae

626 1576 939 1657 quaedam
982 1579 1264 1657 notitiae,
1311 1580 1667 1646 brevissimo
1696 1582 1948 1663 quidem
1992 1603 2189 1647 cursu
2232 1582 2534 1661 collectae,
2579 1582 2688 1646 sed
2729 1581 2817 1645 ad
2843 1583 3281 1662 aryumentum
3319 1578 3513 1643 obiter

628 1699 1114 1778 eoqnoscendum
1167 1706 1574 1781 opportunae.
1670 1702 1964 1786 Denique
2013 1706 2219 1782 fontes
2279 1703 2702 1768 indicabimus
2754 1723 2797 1765 a
2851 1701 3029 1766 nobis
3078 1698 3394 1764 adhibitos
3453 1702 3512 1762 et

628 1841 791 1899 quae
848 1820 924 1885 de
974 1820 1251 1885 archivis
1309 1822 1939 1905 documentorumque
1988 1824 2257 1905 fortuna
2300 1823 2796 1904 exploravimus3
2858 1823 2930 1886 in
2971 1843 3163 1904 quam
3215 1842 3344 1885 rem
3399 1820 3514 1882 im-

629 1961 836 2005 menso
873 1962 992 2021 per
1026 1941 1229 2006 decem
1263 1941 1402 2026 fere
1445 1963 1651 2008 annos
1683 1944 1989 2025 perducto
2034 1944 2460 2008 indesinenter
2490 1943 2694 2009 labore
2739 1965 2806 2008 eo
2850 1943 3065 2007 animo
3109 1941 3513 2018 intendimuS,

630 2065 705 2124 ut
753 2082 983 2125 novum
1013 2062 1202 2142 idque
1243 2062 1652 2141 salutiferum
1678 2064 2167 2145 fundamentum
2195 2064 2625 2129 huiuscemodi
2666 2063 2901 2127 studiis
2930 2084 3328 2144 poneremus,

846 2183 1208 2264 Antequam
1249 2204 1389 2248 vero
1433 2184 1683 2249 dicendi
1723 2187 1914 2266 finem
1956 2186 2227 2264 faciam,
2268 2186 2630 2268 qratiarum
2672 2185 2949 2250 actiones
2992 2183 3151 2248 mihi
3191 2181 3515 2247 solvendae

629 2309 782 2368 sunt
847 2303 1332 2369 humanissimis
1383 2304 1513 2370 illis
1568 2307 1752 2385 viris,
1818 2308 1932 2389 qui
1984 2307 2146 2372 mihi
2204 2307 2293 2371 ad
2350 2328 2506 2388 opus
2560 2307 2950 2372 condendum
3002 2310 3264 2387 praesto
3315 2304 3515 2388 fuere,

633 2426 952 2506 imprimis
1014 2427 1335 2493 sodalibus
1391 2428 1636 2493 dilectis
1696 2429 2119 2495 Societatis
2167 2428 2725 2511 Gottinqensis,
2787 2428 2904 2493 sub
2967 2429 3154 2492 cuius
3208 2425 3517 2507 auspiciis

638 2547 884 2628 incepta
927 2569 1028 2613 res
1069 2553 1193 2627 est,
1256 2550 1448 2614 crevit
1501 2555 1587 2627 et,
1642 2550 2164 2632 quemadmodum
2210 2571 2566 2634 speramus,
2625 2551 2715 2615 ad
2757 2556 3041 2632 optatum
3083 2550 3325 2614 exitum
3371 2569 3517 2629 per-

634 2670 858 2748 veniet,
918 2670 1142 2735 deinde
1205 2672 1539 2753 maynifico
1592 2673 1879 2754 principi
1944 2671 2058 2737 De
2123 2671 2451 2750 Baelow,
2524 2672 2892 2737 Germanici
2955 2671 3208 2752 imperii
3271 2669 3514 2751 Maqno

634 2788 1038 2868 cancellario,
1093 2790 1602 2857 excellentissimo
1655 2793 1789 2857 viro
1840 2793 2130 2859 Conrado
2177 2792 2229 2859 S
2236 2794 2370 2858 tud
2380 2800 2434 2871 t,
2487 2794 2766 2874 publicis
2810 2795 2881 2858 in
2927 2793 3247 2859 Borussia
3291 2791 3518 2856 litteris

634 2918 824 2994 atque
887 2913 1134 2977 artibus
1186 2915 1552 2996 praeposito
1609 2920 1669 2980 et
1732 2915 2217 2980 eminentissimo
2265 2921 2635 2997 purpurato
2686 2916 2876 2997 patri
2948 2915 3212 2997 Georqio
3271 2914 3343 2978 K
3355 2934 3515 2993 opp,

650 3035 1160 3102 Wratislaviensi
1201 3038 1514 3118 episcopo,
1572 3037 1687 3119 qui
1739 3042 2031 3118 sumptus
2075 3039 2421 3122 praecipue
2463 3038 2988 3120 suppeditarunt;
3039 3041 3367 3117 praetcrea
3409 3057 3516 3099 ex-

635 3157 1069 3223 cellentissimo
1111 3157 1246 3222 viro
1291 3157 1621 3223 Friderico
1663 3158 1763 3223 Al
1774 3158 1951 3236 thos
1950 3160 2007 3238 s,
2055 3159 2130 3223 de
2173 3159 2463 3224 doctrina
2498 3158 2778 3243 fovenda
2820 3158 2998 3239 apud
3046 3179 3163 3222 nos
3208 3176 3519 3237 perquam

637 3280 1067 3357 benemerenti,
1128 3279 1243 3361 qui
1295 3300 1430 3344 una
1474 3302 1618 3345 cum
1661 3279 2011 3345 clarissimo
2055 3281 2189 3345 viro
2233 3280 2567 3345 Friderico
2612 3279 2983 3358 Schmidt,
3040 3285 3217 3345 tanto
3271 3280 3517 3346 homine

637 3404 823 3485 diqno
853 3402 1104 3484 quidem
1146 3403 1455 3480 adiutore,
1501 3403 1785 3483 inceptui
1825 3406 2038 3467 nostro
2082 3424 2331 3467 summa
2375 3401 2580 3466 animi
2622 3399 2996 3465 liberalitate
3032 3400 3225 3485 favit.
3300 3400 3517 3483 Neque

638 3544 739 3587 eos
770 3526 1194 3603 praeteream,
1246 3544 1403 3605 quos
1443 3526 1641 3590 socios
1684 3526 2079 3608 quovismodo
2122 3525 2319 3590 habui
2362 3524 2618 3601 laboriS,
2667 3528 2798 3586 tum
2850 3522 2922 3586 in
2965 3522 3352 3586 documentis
3394 3522 3516 3586 col-

640 3645 905 3727 liyendis
965 3650 1101 3710 tum
1159 3646 1233 3709 in
1286 3646 1421 3726 ipso
1472 3667 1650 3728 opere
1704 3646 2038 3728 rediqendo
2049 3668 2072 3725 ;
2128 3667 2328 3727 neque
2387 3643 2788 3709 archivorum
2842 3648 2960 3707 aut
3015 3642 3522 3708 bibliothecarum

642 3764 842 3830 Italos
887 3766 1247 3851 praefectos
1311 3771 1369 3831 et
1434 3766 1743 3843 custodes,
1811 3765 2148 3831 Vaticanos
2203 3764 2609 3846 praesertim,
2676 3763 2790 3844 qui
2857 3760 3315 3843 amplissimam
3381 3784 3525 3843 per-

642 3890 941 3972 quirendi
974 3889 1355 3973 facultatem
1398 3888 1559 3953 mihi
1588 3891 2039 3952 concesserunt.
2117 3885 2267 3952 Sint
2309 3884 2535 3965 cuique
2565 3904 2691 3964 pro
2726 3883 2969 3948 meritis
2999 3882 3235 3961 laude-5,
3280 3883 3525 3965 siquid

643 4011 1012 4075 incrementi
1052 4011 1351 4077 scientiae
1393 4009 1817 4076 attulerimus·

860 4207 999 4274 Scr.
1046 4205 1287 4271 Romae
1329 4201 1454 4269 kal.
1500 4203 1637 4267 iun.
1684 4196 2178 4267 MDGGGGVI.

2893 4339 3216 4412 KEHR.
