4065 6049
1548 481 1738 537 Clerus
1774 483 1927 539 urbis
1964 484 2190 540 Romae.
3280 494 3318 555 9

423 658 698 746 denique
746 659 1102 742 ordinasse,
1156 667 1265 743 „ut
1307 660 1517 726 nullus
1564 661 1832 726 clericus
1876 668 2145 746 propter
2189 682 2448 727 causam
2495 661 2851 746 quamlibet
2894 665 2959 729 in
3003 666 3178 730 curia
3224 667 3320 729 in-

422 765 648 830 troiret
689 785 810 831 nec
856 772 1007 831 ante
1052 763 1327 830 iudicem
1375 766 1652 830 cinctum
1697 785 1957 830 causam
2004 765 2250 850 dicere,
2294 766 2417 831 nisi
2461 767 2528 830 in
2584 765 2898 833 ecclesia“
2946 766 3321 852 (Duchesne

424 869 457 933 I
489 873 589 935 76.
625 873 727 934 77.
765 873 918 944 171;
963 868 1328 935 Mommsen
1373 890 1435 955 p.
1468 868 1600 954 50).
1677 869 1995 956 Idemque
2041 869 2432 935 Silvester
2476 871 2831 955 constituit,
2886 878 3024 957 „ut,
3081 875 3133 938 si
3180 876 3323 960 quis

423 973 824 1039 desideraret
888 974 952 1037 in
1008 973 1284 1040 ecclesia
1342 975 1619 1040 militare
1674 981 1788 1040 aut
1836 976 2182 1061 proficere,
2245 981 2316 1040 ut
2370 982 2543 1041 esset
2598 976 2805 1041 lector
2859 998 3060 1042 annos
3104 978 3320 1063 XXX,

425 1079 743 1143 exorcista
775 1077 914 1143 dies
942 1078 1156 1162 XXX,
1204 1080 1513 1145 accolitus
1542 1101 1744 1146 annos
1773 1080 1855 1164 V,
1902 1079 2330 1146 subdiaconus
2361 1102 2562 1146 annos
2593 1081 2676 1165 V,
2723 1087 2936 1147 custos
2968 1089 3320 1169 martyrum

423 1202 623 1247 annos
667 1182 749 1265 V,
810 1181 1115 1247 diaconus
1159 1205 1361 1248 annos
1404 1183 1565 1267 VII,
1611 1182 1950 1269 presbyter
1994 1206 2198 1250 annos
2240 1184 2386 1249 111“
2439 1183 2809 1269 (Duchesne
2856 1185 2890 1249 I
2924 1190 3024 1251 76.
3061 1192 3161 1253 77.
3201 1193 3314 1253 171

428 1293 495 1352 91
543 1309 607 1372 p.
660 1290 780 1352 190
826 1293 957 1351 not.
1000 1289 1118 1364 253
1172 1286 1534 1353 Mommsen
1580 1310 1643 1373 p.
1680 1288 1809 1373 51).
1909 1287 2217 1354 Eiusdem
2276 1288 2356 1354 de
2418 1310 2487 1354 re
2541 1290 2888 1354 'constituta
2943 1291 3007 1354 in
3074 1291 3321 1375 synodo

428 1414 484 1456 a.
512 1394 657 1474 324,
693 1412 861 1477 quae
893 1393 1151 1457 omniuo
1182 1392 1346 1458 falsa
1378 1400 1543 1477 sunt,
1576 1395 2003 1479 praeterimus
2034 1392 2254 1478 (Decr.
2280 1392 2804 1460 Pseudo-Isidor.
2840 1392 2940 1458 ed.
2973 1393 3323 1461 Hinschius

428 1519 486 1580 p.
521 1495 695 1582 449).
768 1496 1151 1562 Damasus
1196 1496 1228 1560 Ι
1275 1505 1493 1562 91119111
1540 1498 1844 1582 decrevit,
1897 1505 2006 1584 „ut
2059 1498 2344 1584 psalmos
2398 1498 2503 1564 die
2561 1503 2884 1582 noctuque
2940 1506 3323 1565 canerentur

426 1621 541 1684 per
571 1621 795 1666 omnes
827 1601 1166 1677 ecclesias;
1199 1603 1307 1688 qui
1333 1602 1455 1666 hoc
1479 1603 1814 1687 praecepit
1836 1602 2230 1688 presbyteris
2252 1602 2358 1669 vel
2389 1603 2710 1687 episcopis
2733 1608 2846 1666 aut
2874 1604 3319 1668 monasteriis“·

428 1704 799 1788 (Duchesne
834 1704 867 1768 I
900 1708 1056 1782 213;
1089 1705 1170 1770 cf.
1203 1728 1265 1791 p.
1300 1708 1424 1770 214
1457 1713 1587 1770 not.
1630 1712 1703 1771 17
1739 1713 1805 1772 91
1832 1708 2172 1772 Bianchini
2202 1705 2353 1771 Not.
2387 1705 2472 1771 ad
2502 1706 2919 1771 Anastasium
2950 1706 3054 1770 111
3089 1709 3172 1772 38
3196 1730 3321 1794 sq.;

425 1808 782 1873 Mommsen
817 1831 879 1894 p.
916 1808 1061 1895 84);
1109 1809 1459 1892 Siricius,
1510 1815 1620 1894 „ut
1661 1810 1870 1876 nullus
1901 1809 2241 1897 presbyter
2268 1811 2497 1875 missas
2527 1809 2888 1876 celebraret
2917 1832 3036 1895 pcr
3066 1832 3321 1878 omnem

426 1910 920 1991 hebdomadam,
966 1914 1088 1977 nisi
1132 1921 1571 1978 consecratum
1620 1915 1907 2001 episcopi
1952 1915 2080 1980 loci
2125 1914 2445 2000 designati
2490 1914 2845 1999 susciperet
2903 1912 3323 1997 declaratum,

429 2015 599 2100 quod
658 2016 1023 2081 nominatur
1077 2017 1502 2082 fermentum“
1565 2017 1935 2100 (Duchesne
1990 2018 2024 2081 I
2065 2021 2224 2091 216;
2293 2017 2657 2083 Mommsen
2713 2040 2776 2102 p.
2821 2020 2932 2093 85;
2994 2017 3074 2081 cf.
3132 2038 3325 2103 supra

425 2119 754 2186 decretum
807 2120 1117 2185 Miltiadis
1164 2127 1231 2186 et
1274 2120 1613 2186 Bianchini
1660 2121 1700 2185 l.
1742 2142 1797 2186 c.
1839 2122 1943 2187 ΙΙΙ
1983 2121 2129 2206 52);
2190 2123 2657 2186 Anastasius
2702 2121 2768 2203 I,
2841 2128 2949 2206 „ut
2995 2122 3321 2207 quotiens-

427 2244 698 2308 cumque
731 2225 1068 2309 evangelia
1100 2232 1322 2290 sancta
1353 2226 1722 2309 recitantur,
1756 2225 2126 2292 sacerdotes
2159 2248 2285 2291 non
2317 2225 2636 2309 sederent,
2684 2226 2800 2291 sed
2830 2228 3007 2291 curvi
3038 2227 3317 2291 starent“

427 2328 797 2412 (Duchesne
845 2328 877 2391 I
927 2332 1029 2393 86.
1064 2332 1165 2394 87.
1202 2332 1357 2406 218;
1413 2330 1775 2395 Mommsen
1820 2353 1882 2416 p.
1920 2333 2028 2407 87;
2088 2330 2166 2394 cf.
2213 2330 2548 2395 Bianchini
2595 2330 2636 2393 l.
2671 2352 2724 2394 9.
2758 2330 2865 2394 III
2895 2330 3027 2416 59).
3119 2331 3322 2395 Ζο91-

427 2453 592 2495 mus
636 2433 998 2516 praecepit,
1066 2438 1174 2515 „ut
1219 2433 1427 2497 nullus
1485 2434 1754 2498 clericus
1812 2435 1878 2498 in
1928 2435 2228 2519 poculum
2283 2432 2612 2518 publicum
2672 2436 3148 2520 propinaretur,
3203 2434 3325 2498 nisi

427 2543 670 2600 tantum
704 2534 909 2601 cellae
940 2536 1247 2615 fidelium,
1279 2539 1562 2603 maxime
1590 2539 2007 2604 clericorum“
2041 2537 2414 2624 (Duchesne
2446 2538 2480 2601 I
2514 2541 2615 2604 86.
2642 2542 2744 2603 87.
2771 2541 2927 2616 225;
2960 2538 3322 2603 Mommsen

426 2663 485 2724 p.
520 2644 632 2715 915
681 2639 760 2704 cf.
807 2640 1147 2705 Bianchini
1192 2642 1233 2705 l.
1270 2663 1322 2706 9.
1356 2641 1463 2705 ΙΙΙ
1497 2643 1627 2727 79).
1705 2643 2160 2707 Celestinus
2205 2642 2239 2705 I
2284 2643 2629 2725 constituit,
2682 2648 2790 2726 „ut
2832 2641 3065 2726 psalmi
3109 2641 3324 2707 David

426 2743 535 2809 CL
566 2749 717 2808 ante
749 2745 1126 2809 sacrificium
1168 2746 1355 2830 psalli
1387 2746 1868 2832 antephanatim
1904 2769 1989 2813 cx
2020 2746 2333 2830 omnibus,
2382 2745 2554 2832 quod
2587 2753 2736 2812 aute
2782 2767 2912 2811 non
2939 2746 3159 2829 fiebat,
3205 2748 3325 2811 nisi

426 2853 672 2913 tantum
723 2848 996 2934 epistola
1043 2849 1099 2915 b.
1135 2849 1323 2915 Pauli
1370 2849 1763 2916 recitabatur
1806 2858 1872 2917 et
1916 2859 2206 2917 sanctum
2241 2850 2685 2937 evangelium“
2735 2849 3109 2935 (Duchesne
3155 2850 3190 2913 I
3222 2854 3324 2917 88.

429 2958 529 3018 89.
572 2956 731 3031 230;
793 2953 1157 3019 Mommsen
1208 2977 1271 3040 p.
1316 2960 1429 3032 943
1489 2957 1569 3021 cf.
1617 2955 1954 3021 Bianchini
2009 2957 2050 3021 l.
2095 2978 2149 3021 c.
2193 2956 2298 3020 III
2341 2956 2482 3038 92);
2542 2958 2705 3021 Leo
2752 2955 2785 3019 I
2844 2955 3155 3042 denique,
3218 2961 3327 3039 „ut

427 3060 593 3124 intra
638 3062 956 3125 actionem
1003 3060 1295 3124 sacrificii
1342 3060 1662 3126 diceretur
1694 3061 2004 3127 ‘sanctum
2047 3057 2449 3127 sacrificium'
2483 3066 2549 3126 et
2581 3061 2835 3126 cetera“
2889 3059 3258 3145 (Duchesne
3293 3060 3324 3123 I

428 3167 529 3229 90.
572 3167 677 3227 91.
719 3166 877 3239 239;
942 3164 1303 3229 Mommsen
1350 3187 1410 3249 p.
1453 3165 1623 3251 105).
1712 3166 1859 3230 Alia
1914 3167 2285 3231 omittimus.
2377 3166 2563 3231 Oonf.
2612 3165 2807 3231 etiam
2868 3163 3131 3231 decreta
3189 3165 3326 3230 sive

430 3269 775 3334 constituta
820 3267 1144 3354 quaedam
1188 3269 1487 3355 liturgica
1533 3293 1616 3335 ex
1660 3272 1927 3336 vetustis
1973 3270 2303 3336 codicibus
2349 3270 2691 3355 descripta,
2739 3290 2905 3355 quae
2952 3267 3179 3351 Giorgi
3223 3266 3325 3332 De

428 3371 688 3458 liturgia
731 3370 1008 3438 Romani
1055 3375 1374 3459 pontificis
1419 3375 1525 3439 III
1558 3380 1682 3441 434
1715 3397 1809 3460 sq.
1844 3396 1925 3440 ex
1973 3375 2115 3440 cod.
2146 3375 2313 3461 Reg.
2349 3379 2428 3440 73
2475 3395 2643 3441 saec.
2677 3374 2813 3439 XII
2858 3380 2924 3438 et
2963 3373 3111 3455 alia,
3159 3392 3324 3456 quac

431 3474 470 3539 l.
502 3497 556 3540 c.
591 3476 695 3540 ΠΙ
726 3481 852 3543 438
884 3500 979 3564 sq.
1029 3484 1113 3543 ex'
1157 3479 1297 3544 cod.
1343 3479 1508 3567 Reg.
1549 3483 1709 3547 1964
1759 3501 1926 3544 saec.
1959 3480 2024 3544 X
2072 3487 2424 3545 enumerat.
3101 3561 3106 3565 ᾗ

644 3581 927 3648 Decreta
973 3589 1040 3648 et
1084 3585 1395 3669 rescripta
1443 3606 1697 3670 quoque
1745 3585 2120 3670 pontificum
2163 3584 2605 3649 Romanorum
2660 3581 2810 3647 inde
2867 3603 2906 3644 a
2959 3581 3223 3646 Leone
3271 3580 3325 3662 I,

431 3707 597 3772 quae
644 3686 885 3751 clerum
929 3687 1295 3753 Romanum
1342 3691 1690 3774 attingunt,
1735 3689 2022 3755 maxima
2069 3710 2152 3754 ex
2195 3695 2380 3774 parte
2435 3689 2678 3772 pariter
2721 3687 2956 3773 collegi
3001 3706 3085 3750 ex
3128 3682 3326 3749 Libro

430 3789 810 3875 pontificali,
872 3811 1066 3876 quum
1113 3798 1262 3857 ante
1318 3813 1484 3858 saec.
1519 3793 1655 3858 XII
1702 3793 1913 3859 desint
1967 3793 2226 3858 omnino
2273 3791 2662 3857 documenta
2715 3790 2798 3856 ad
2843 3788 3038 3857 Urbis
3083 3789 3326 3855 clerum

432 3893 858 3981 collegialiter
929 3896 1345 3961 constitutum
1405 3896 1667 3963 directa.
1772 3897 2047 3963 Saeculo
2107 3897 2277 3962 enim
2336 3895 2434 3960 XI
2495 3894 2748 3961 videtur
2809 3900 3055 3959 tautum
3118 3893 3327 3957 clerus

431 3997 762 4064 Romanus
806 4001 1197 4086 compositus
1235 4002 1413 4068 velut
1455 4003 1819 4090 collegium,
1868 4002 2042 4088 quod
2088 4000 2539 4087 appellabatur
2570 3998 2980 4064 Fratmmitas
3011 3996 3326 4079 Romana,
3412 3991 3418 3997 ’

432 4101 550 4166 sub
614 4104 891 4189 propriis
947 4105 1323 4172 rectoribus.
1412 4107 1580 4172 Item
1643 4129 1866 4174 omnes
1920 4105 2116 4172 Urbis
2176 4105 2491 4170 ecclesiae
2550 4109 2867 4189 apparent
2923 4105 3104 4168 iuxta
3160 4102 3326 4167 119119

432 4207 903 4273 fraternitatem
948 4210 1013 4273 in
1060 4216 1190 4275 tres
1235 4216 1454 4295 partes
1498 4210 1764 4296 divisae,
1810 4231 2076 4295 quarum
2125 4210 2334 4294 prima
2378 4208 2500 4272 fuit
2544 4206 2818 4272 ecclesia
2862 4206 2998 4271 XII
3043 4207 3326 4292 Aposto-

431 4310 662 4394 lorum,
709 4312 990 4378 secunda
1035 4299 1426 4380 9900911199
1473 4321 1540 4380 91
1581 4315 1914 4397 1)911119111,
1963 4314 2153 4379 tertia
2200 4337 2249 4377 s.
2283 4312 2575 4378 Thomas
2622 4313 2687 4376 in
2731 4313 2943 4397 capite
2989 4311 3325 4377 molarum.

647 4414 911 4481 Primae
955 4419 1185 4502 partis,
1232 4419 1477 4484 scilicet
1520 4418 1824 4484 basilicae
1870 4418 2006 4483 XII
2051 4416 2540 4503 Apostolorum,
2589 4417 3100 4501 antiquissimum
3146 4416 3326 4480 testi-

433 4520 718 4585 monium
777 4520 1092 4587 habemus
1151 4512 1215 4586 111
1276 4521 1551 4586 Honorii
1606 4522 1675 4585 Π
1732 4521 2013 4587 1111119910
2075 4520 2164 4608 (11.
2201 4519 2342 4607 22),
2398 4518 2508 4585 ubi
2567 4519 2872 4604 legimus,
2930 4540 3072 4584 eam
3129 4519 3327 4584 fuisse

433 4625 859 4710 compositam
926 4647 1011 4690 ex
1076 4631 1327 4711 septem
1394 4626 1684 4692 ecclesiis
1750 4625 1832 4693 119
1899 4626 2098 4709 valle,
2167 4624 2469 4690 videlicet
2534 4648 2582 4687 s.
2623 4624 2946 4707 Marcelli,
3014 4648 3063 4687 s.
3104 4624 3326 4705 Marci,

434 4751 484 4792 s.
515 4729 764 4794 Mariae
796 4731 863 4794 111
891 4731 1160 4816 Aquiro,
1193 4752 1242 4795 s.
1275 4730 1692 4815 Apollinaris,
1726 4753 1775 4794 s.
1801 4731 2047 4796 Mariae
2080 4730 2147 4794 in
2174 4729 2303 4800 Via
2331 4729 2484 4812 lata,
2531 4752 2580 4792 s.
2604 4729 2936 4794 Laurentii
2968 4730 3032 4792 in
3063 4727 3327 4809 Lucina,

434 4856 484 4897 s.
525 4833 901 4919 Triphonis,
964 4853 1318 4920 earumque
1372 4840 1595 4919 caput,
1656 4833 1968 4919 dignitato
2025 4835 2231 4899 crucis
2291 4832 2693 4915 decoratum,
2749 4833 2878 4896 iam
2935 4829 3329 4915 temporibus

434 4936 771 5002 Benedicti
816 4937 919 5003 IX
962 4937 1158 5004 fuisse
1202 4937 1534 5004 basilicam
1578 4938 1715 5003 XII
1745 4937 2225 5024 Apostolorum.
2301 4935 2405 5000 Ex
2448 4936 2682 5001 eodem
2729 4936 2965 5021 placito
3011 4935 3327 5020 comperi-

433 5061 577 5105 mus
620 5042 992 5126 facultates,
1047 5064 1206 5128 quas
1250 5051 1536 5108 rectores
1578 5043 1767 5108 huius
1810 5042 2232 5108 fraternitatis
2274 5039 2608 5107 haberent.
2699 5037 2832 5105 Sub
2889 5060 3111 5105 eorum
3156 5040 3323 5104 enim

435 5166 590 5210 cura
652 5145 913 5211 fuerunt
991 5147 1466 5232 processiones,
1543 5145 2022 5212 distributiones
2096 5143 2480 5231 presbyterii
2556 5144 2812 5228 aliaque
2892 5141 3327 5208 ecclesiastica

438 5269 732 5333 munera,
800 5270 874 5316 ac
931 5256 1218 5336 potestas
1273 5252 1739 5318 controversias
1796 5252 1964 5317 inter
2016 5248 2214 5316 Urbis
2273 5248 2580 5315 ecclesias
2638 5267 2988 5334 earumque
3061 5245 3326 5311 clericos
