<?xml version="1.0" encoding="UTF-8"?>
<!DOCTYPE html PUBLIC "-//W3C//DTD XHTML 1.0 Transitional//EN"
    "http://www.w3.org/TR/xhtml1/DTD/xhtml1-transitional.dtd">
<html xmlns="http://www.w3.org/1999/xhtml" xml:lang="en" lang="en">
 <head>
  <title>
</title>
<meta http-equiv="Content-Type" content="text/html;charset=utf-8" />
  <meta name='ocr-system' content='tesseract 3.04.00' />
  <meta name='ocr-capabilities' content='ocr_page ocr_carea ocr_par ocr_line ocrx_word'/>
</head>
<body>
  <div class='ocr_page' id='page_1' title='image "./italiapontifici00kehrgoog_0211.png"; bbox 0 0 4065 6049; ppageno 0'>
   <div class='ocr_carea' id='block_1_1' title="bbox 784 586 3263 660">
    <p class='ocr_par' dir='ltr' id='par_1_1' title="bbox 784 586 3263 660">
     <span class='ocr_line' id='line_1_1' title="bbox 784 586 3263 660; baseline 0.003 -18"><span class='ocrx_word' id='word_1_1' title='bbox 784 587 932 643; x_wconf 87' lang='lat' dir='ltr'><strong>Eccl.</strong></span> <span class='ocrx_word' id='word_1_2' title='bbox 970 607 1011 644; x_wconf 91' lang='lat' dir='ltr'><strong>s.</strong></span> <span class='ocrx_word' id='word_1_3' title='bbox 1050 586 1254 644; x_wconf 82' lang='lat' dir='ltr'><strong>Felicis</strong></span> <span class='ocrx_word' id='word_1_4' title='bbox 1292 587 1348 644; x_wconf 88' lang='lat' dir='ltr'><strong>in</strong></span> <span class='ocrx_word' id='word_1_5' title='bbox 1384 589 1493 646; x_wconf 85' lang='lat' dir='ltr'><strong>Via</strong></span> <span class='ocrx_word' id='word_1_6' title='bbox 1529 587 1760 645; x_wconf 85' lang='lat' dir='ltr'><strong>Aurelia</strong></span> <span class='ocrx_word' id='word_1_7' title='bbox 1795 618 1860 631; x_wconf 91' lang='lat'>—</span> <span class='ocrx_word' id='word_1_8' title='bbox 1897 589 2135 645; x_wconf 82' lang='lat' dir='ltr'><strong>Senatus</strong></span> <span class='ocrx_word' id='word_1_9' title='bbox 2171 590 2522 660; x_wconf 89' lang='lat' dir='ltr'><strong>populusque</strong></span> <span class='ocrx_word' id='word_1_10' title='bbox 2558 587 2857 647; x_wconf 86' lang='lat' dir='ltr'><strong>Romanus.</strong></span> <span class='ocrx_word' id='word_1_11' title='bbox 3142 596 3263 658; x_wconf 88' lang='lat'><strong>179</strong></span> 
     </span>
    </p>
   </div>
   <div class='ocr_carea' id='block_1_2' title="bbox 379 762 3267 1356">
    <p class='ocr_par' dir='ltr' id='par_1_2' title="bbox 379 762 3267 1356">
     <span class='ocr_line' id='line_1_2' title="bbox 379 762 3264 835; baseline 0.001 -18"><span class='ocrx_word' id='word_1_12' title='bbox 379 763 437 817; x_wconf 89' lang='lat' dir='ltr'><strong>C.</strong></span> <span class='ocrx_word' id='word_1_13' title='bbox 459 762 607 818; x_wconf 83' lang='lat' dir='ltr'><strong>Gali</strong></span> <span class='ocrx_word' id='word_1_14' title='bbox 626 780 729 817; x_wconf 88' lang='lat' dir='ltr'><strong>sse</strong></span> <span class='ocrx_word' id='word_1_15' title='bbox 766 763 791 816; x_wconf 93' lang='lat'>1</span> <span class='ocrx_word' id='word_1_16' title='bbox 829 762 1057 833; x_wconf 83' lang='lat' dir='ltr'><strong>presetti</strong></span> <span class='ocrx_word' id='word_1_17' title='bbox 1082 763 1140 817; x_wconf 90' lang='lat' dir='ltr'><strong>di</strong></span> <span class='ocrx_word' id='word_1_18' title='bbox 1169 762 1304 818; x_wconf 87' lang='lat' dir='ltr'>Vico</span> <span class='ocrx_word' id='word_1_19' title='bbox 1329 762 1385 818; x_wconf 87' lang='lat' dir='ltr'><strong>in</strong></span> <span class='ocrx_word' id='word_1_20' title='bbox 1412 763 1576 820; x_wconf 85' lang='lat' dir='ltr'><strong>Arch.</strong></span> <span class='ocrx_word' id='word_1_21' title='bbox 1603 764 1754 819; x_wconf 89' lang='lat' dir='ltr'><strong>della</strong></span> <span class='ocrx_word' id='word_1_22' title='bbox 1777 764 1896 820; x_wconf 89' lang='lat' dir='ltr'><strong>Soc.</strong></span> <span class='ocrx_word' id='word_1_23' title='bbox 1922 764 2079 819; x_wconf 88' lang='lat' dir='ltr'><strong>Rom.</strong></span> <span class='ocrx_word' id='word_1_24' title='bbox 2106 764 2154 818; x_wconf 85' lang='lat' dir='ltr'>X</span> <span class='ocrx_word' id='word_1_25' title='bbox 2191 764 2371 834; x_wconf 81' lang='lat'>(1887)</span> <span class='ocrx_word' id='word_1_26' title='bbox 2411 766 2435 820; x_wconf 89' lang='lat'>1</span> <span class='ocrx_word' id='word_1_27' title='bbox 2459 783 2540 833; x_wconf 89' lang='lat' dir='ltr'><strong>sq.</strong></span> <span class='ocrx_word' id='word_1_28' title='bbox 2584 764 2688 819; x_wconf 86' lang='lat'><strong>353</strong></span> <span class='ocrx_word' id='word_1_29' title='bbox 2705 783 2787 834; x_wconf 90' lang='lat' dir='ltr'><strong>sq.</strong></span> <span class='ocrx_word' id='word_1_30' title='bbox 2822 795 2886 805; x_wconf 94' lang='lat'>—</span> <span class='ocrx_word' id='word_1_31' title='bbox 2921 766 2995 820; x_wconf 80' lang='lat' dir='ltr'><strong>M.</strong></span> <span class='ocrx_word' id='word_1_32' title='bbox 3021 765 3264 835; x_wconf 71' lang='lat' dir='ltr'><strong>Arme]-</strong></span> 
     </span>
     <span class='ocr_line' id='line_1_3' title="bbox 379 848 3264 920; baseline 0.001 -18"><span class='ocrx_word' id='word_1_33' title='bbox 379 849 509 902; x_wconf 91' lang='lat' dir='ltr'><strong>lini</strong></span> <span class='ocrx_word' id='word_1_34' title='bbox 547 849 592 902; x_wconf 90' lang='lat' dir='ltr'><strong>Il</strong></span> <span class='ocrx_word' id='word_1_35' title='bbox 631 848 980 919; x_wconf 83' lang='lat' dir='ltr'><strong>reggimento</strong></span> <span class='ocrx_word' id='word_1_36' title='bbox 1018 849 1184 905; x_wconf 85' lang='lat' dir='ltr'><strong>civile</strong></span> <span class='ocrx_word' id='word_1_37' title='bbox 1221 850 1278 904; x_wconf 91' lang='lat' dir='ltr'><strong>di</strong></span> <span class='ocrx_word' id='word_1_38' title='bbox 1318 850 1495 906; x_wconf 84' lang='lat' dir='ltr'><strong>Roma</strong></span> <span class='ocrx_word' id='word_1_39' title='bbox 1528 850 1619 906; x_wconf 91' lang='lat' dir='ltr'><strong>nel</strong></span> <span class='ocrx_word' id='word_1_40' title='bbox 1656 851 1840 906; x_wconf 89' lang='lat' dir='ltr'><strong>medio</strong></span> <span class='ocrx_word' id='word_1_41' title='bbox 1876 868 1980 907; x_wconf 83' lang='lat' dir='ltr'><strong>evo</strong></span> <span class='ocrx_word' id='word_1_42' title='bbox 2018 852 2220 918; x_wconf 85' lang='lat' dir='ltr'><strong>(Roma</strong></span> <span class='ocrx_word' id='word_1_43' title='bbox 2257 850 2430 920; x_wconf 88' lang='lat'>1881).</span> <span class='ocrx_word' id='word_1_44' title='bbox 2467 882 2532 891; x_wconf 93' lang='lat'><strong>—-</strong></span> <span class='ocrx_word' id='word_1_45' title='bbox 2569 852 2628 906; x_wconf 91' lang='lat' dir='ltr'><strong>P.</strong></span> <span class='ocrx_word' id='word_1_46' title='bbox 2656 851 2905 907; x_wconf 88' lang='lat' dir='ltr'><strong>Villari</strong></span> <span class='ocrx_word' id='word_1_47' title='bbox 2944 853 2991 906; x_wconf 93' lang='lat' dir='ltr'><strong>Il</strong></span> <span class='ocrx_word' id='word_1_48' title='bbox 3031 868 3264 907; x_wconf 88' lang='lat' dir='ltr'><strong>comune</strong></span> 
     </span>
     <span class='ocr_line' id='line_1_4' title="bbox 380 935 3266 1010; baseline 0.001 -20"><span class='ocrx_word' id='word_1_49' title='bbox 380 935 435 990; x_wconf 90' lang='lat' dir='ltr'><strong>di</strong></span> <span class='ocrx_word' id='word_1_50' title='bbox 475 935 650 990; x_wconf 85' lang='lat' dir='ltr'><strong>Roma</strong></span> <span class='ocrx_word' id='word_1_51' title='bbox 699 937 789 991; x_wconf 93' lang='lat' dir='ltr'><strong>nel</strong></span> <span class='ocrx_word' id='word_1_52' title='bbox 828 936 1117 991; x_wconf 88' lang='lat' dir='ltr'><strong>medioevo</strong></span> <span class='ocrx_word' id='word_1_53' title='bbox 1155 937 1391 992; x_wconf 86' lang='lat' dir='ltr'><strong>secondo</strong></span> <span class='ocrx_word' id='word_1_54' title='bbox 1431 938 1484 993; x_wconf 91' lang='lat' dir='ltr'><strong>le</strong></span> <span class='ocrx_word' id='word_1_55' title='bbox 1523 936 1723 992; x_wconf 87' lang='lat' dir='ltr'><strong>ultime</strong></span> <span class='ocrx_word' id='word_1_56' title='bbox 1759 938 2005 994; x_wconf 88' lang='lat' dir='ltr'><strong>ricerche</strong></span> <span class='ocrx_word' id='word_1_57' title='bbox 2042 938 2100 992; x_wconf 92' lang='lat' dir='ltr'><strong>in</strong></span> <span class='ocrx_word' id='word_1_58' title='bbox 2135 938 2339 994; x_wconf 87' lang='lat' dir='ltr'><strong>Nuova</strong></span> <span class='ocrx_word' id='word_1_59' title='bbox 2365 939 2675 1010; x_wconf 82' lang='lat' dir='ltr'><strong>Antologia</strong></span> <span class='ocrx_word' id='word_1_60' title='bbox 2709 938 2822 995; x_wconf 85' lang='lat' dir='ltr'><strong>Ser.</strong></span> <span class='ocrx_word' id='word_1_61' title='bbox 2851 940 2931 993; x_wconf 93' lang='lat' dir='ltr'><strong>III</strong></span> <span class='ocrx_word' id='word_1_62' title='bbox 2970 942 3010 994; x_wconf 88' lang='lat' dir='ltr'><strong>t.</strong></span> <span class='ocrx_word' id='word_1_63' title='bbox 3037 940 3169 993; x_wconf 91' lang='lat' dir='ltr'><strong>VIII</strong></span> <span class='ocrx_word' id='word_1_64' title='bbox 3208 941 3266 992; x_wconf 89' lang='lat' dir='ltr'><strong>et</strong></span> 
     </span>
     <span class='ocr_line' id='line_1_5' title="bbox 380 1021 3266 1094; baseline 0.001 -19"><span class='ocrx_word' id='word_1_65' title='bbox 380 1021 456 1075; x_wconf 82' lang='lat' dir='ltr'><strong>IX</strong></span> <span class='ocrx_word' id='word_1_66' title='bbox 497 1023 690 1090; x_wconf 86' lang='lat'>(1887).</span> <span class='ocrx_word' id='word_1_67' title='bbox 732 1053 792 1061; x_wconf 97' lang='lat'><strong>—</strong></span> <span class='ocrx_word' id='word_1_68' title='bbox 846 1022 910 1076; x_wconf 83' lang='lat' dir='ltr'><strong>G.</strong></span> <span class='ocrx_word' id='word_1_69' title='bbox 948 1022 1278 1078; x_wconf 83' lang='lat' dir='ltr'><strong>Paolucci</strong></span> <span class='ocrx_word' id='word_1_70' title='bbox 1316 1024 1375 1077; x_wconf 84' lang='lat' dir='ltr'><strong>L&#39;</strong></span> <span class='ocrx_word' id='word_1_71' title='bbox 1398 1023 1612 1094; x_wconf 82' lang='lat' dir='ltr'><strong>origine</strong></span> <span class='ocrx_word' id='word_1_72' title='bbox 1649 1024 1740 1079; x_wconf 89' lang='lat' dir='ltr'><strong>dei</strong></span> <span class='ocrx_word' id='word_1_73' title='bbox 1779 1025 1998 1079; x_wconf 89' lang='lat' dir='ltr'><strong>comuni</strong></span> <span class='ocrx_word' id='word_1_74' title='bbox 2037 1023 2095 1079; x_wconf 89' lang='lat' dir='ltr'><strong>di</strong></span> <span class='ocrx_word' id='word_1_75' title='bbox 2136 1024 2313 1079; x_wconf 88' lang='lat' dir='ltr'><strong>Roma</strong></span> <span class='ocrx_word' id='word_1_76' title='bbox 2348 1042 2378 1079; x_wconf 90' lang='grc'><strong>6</strong></span> <span class='ocrx_word' id='word_1_77' title='bbox 2415 1024 2473 1079; x_wconf 89' lang='lat' dir='ltr'><strong>di</strong></span> <span class='ocrx_word' id='word_1_78' title='bbox 2513 1024 2728 1080; x_wconf 80' lang='lat' dir='ltr'><strong>Milano</strong></span> <span class='ocrx_word' id='word_1_79' title='bbox 2773 1026 3051 1093; x_wconf 87' lang='lat' dir='ltr'><strong>(Palermo</strong></span> <span class='ocrx_word' id='word_1_80' title='bbox 3092 1026 3266 1091; x_wconf 78' lang='grc'>1892).</span> 
     </span>
     <span class='ocr_line' id='line_1_6' title="bbox 380 1108 3261 1181; baseline 0.001 -20"><span class='ocrx_word' id='word_1_81' title='bbox 380 1139 447 1148; x_wconf 93' lang='lat'>-</span> <span class='ocrx_word' id='word_1_82' title='bbox 484 1111 546 1164; x_wconf 90' lang='lat' dir='ltr'><strong>A.</strong></span> <span class='ocrx_word' id='word_1_83' title='bbox 587 1108 988 1163; x_wconf 86' lang='lat' dir='ltr'><strong>Paravicini</strong></span> <span class='ocrx_word' id='word_1_84' title='bbox 1034 1108 1242 1180; x_wconf 82' lang='lat' dir='ltr'><strong>Saggio</strong></span> <span class='ocrx_word' id='word_1_85' title='bbox 1291 1110 1495 1166; x_wconf 88' lang='lat' dir='ltr'><strong>storico</strong></span> <span class='ocrx_word' id='word_1_86' title='bbox 1543 1110 1691 1165; x_wconf 88' lang='lat' dir='ltr'><strong>sulla</strong></span> <span class='ocrx_word' id='word_1_87' title='bbox 1735 1112 2048 1181; x_wconf 86' lang='lat' dir='ltr'><strong>prefettura</strong></span> <span class='ocrx_word' id='word_1_88' title='bbox 2095 1113 2311 1167; x_wconf 86' lang='lat' dir='ltr'><strong>urbana</strong></span> <span class='ocrx_word' id='word_1_89' title='bbox 2353 1111 2445 1165; x_wconf 86' lang='lat' dir='ltr'><strong>dal</strong></span> <span class='ocrx_word' id='word_1_90' title='bbox 2494 1112 2680 1167; x_wconf 90' lang='lat' dir='ltr'><strong>secolo</strong></span> <span class='ocrx_word' id='word_1_91' title='bbox 2716 1111 2770 1165; x_wconf 87' lang='lat' dir='ltr'>X</span> <span class='ocrx_word' id='word_1_92' title='bbox 2818 1112 2872 1166; x_wconf 90' lang='lat' dir='ltr'><strong>al</strong></span> <span class='ocrx_word' id='word_1_93' title='bbox 2912 1112 3094 1167; x_wconf 87' lang='lat' dir='ltr'><strong>secolo</strong></span> <span class='ocrx_word' id='word_1_94' title='bbox 3131 1111 3261 1165; x_wconf 85' lang='lat' dir='ltr'><strong>XIV</strong></span> 
     </span>
     <span class='ocr_line' id='line_1_7' title="bbox 380 1195 3267 1269; baseline 0.002 -21"><span class='ocrx_word' id='word_1_95' title='bbox 380 1195 577 1261; x_wconf 84' lang='lat' dir='ltr'><strong>(Roma</strong></span> <span class='ocrx_word' id='word_1_96' title='bbox 616 1196 789 1263; x_wconf 89' lang='grc'>1900).</span> <span class='ocrx_word' id='word_1_97' title='bbox 826 1226 892 1234; x_wconf 92' lang='grc'>-</span> <span class='ocrx_word' id='word_1_98' title='bbox 930 1199 995 1251; x_wconf 88' lang='lat' dir='ltr'><strong>A.</strong></span> <span class='ocrx_word' id='word_1_99' title='bbox 1032 1195 1429 1251; x_wconf 84' lang='lat' dir='ltr'><strong>Paravicini</strong></span> <span class='ocrx_word' id='word_1_100' title='bbox 1471 1197 1516 1250; x_wconf 92' lang='lat' dir='ltr'><strong>Il</strong></span> <span class='ocrx_word' id='word_1_101' title='bbox 1553 1202 1750 1253; x_wconf 87' lang='lat' dir='ltr'><strong>senato</strong></span> <span class='ocrx_word' id='word_1_102' title='bbox 1789 1198 2039 1253; x_wconf 85' lang='lat' dir='ltr'><strong>Romano</strong></span> <span class='ocrx_word' id='word_1_103' title='bbox 2077 1198 2171 1253; x_wconf 85' lang='lat' dir='ltr'><strong>dal</strong></span> <span class='ocrx_word' id='word_1_104' title='bbox 2196 1197 2274 1252; x_wconf 92' lang='lat' dir='ltr'><strong>VI</strong></span> <span class='ocrx_word' id='word_1_105' title='bbox 2312 1198 2367 1252; x_wconf 90' lang='lat' dir='ltr'><strong>al</strong></span> <span class='ocrx_word' id='word_1_106' title='bbox 2406 1197 2513 1251; x_wconf 87' lang='lat' dir='ltr'><strong>XII</strong></span> <span class='ocrx_word' id='word_1_107' title='bbox 2548 1198 2730 1254; x_wconf 90' lang='lat' dir='ltr'><strong>secolo</strong></span> <span class='ocrx_word' id='word_1_108' title='bbox 2766 1198 2965 1269; x_wconf 85' lang='lat' dir='ltr'><strong>(Roma</strong></span> <span class='ocrx_word' id='word_1_109' title='bbox 3003 1198 3176 1265; x_wconf 90' lang='grc'>1901).</span> <span class='ocrx_word' id='word_1_110' title='bbox 3201 1229 3267 1237; x_wconf 92' lang='grc'>-</span> 
     </span>
     <span class='ocr_line' id='line_1_8' title="bbox 383 1281 3197 1356; baseline 0.001 -20"><span class='ocrx_word' id='word_1_111' title='bbox 383 1282 444 1336; x_wconf 80' lang='grc' dir='ltr'>Ε.</span> <span class='ocrx_word' id='word_1_112' title='bbox 483 1281 961 1337; x_wconf 85' lang='lat' dir='ltr'><strong>Rodocanachi</strong></span> <span class='ocrx_word' id='word_1_113' title='bbox 1001 1282 1104 1336; x_wconf 88' lang='lat' dir='ltr'><strong>Les</strong></span> <span class='ocrx_word' id='word_1_114' title='bbox 1139 1281 1492 1338; x_wconf 88' lang='lat' dir='ltr'><strong>institutions</strong></span> <span class='ocrx_word' id='word_1_115' title='bbox 1529 1284 1905 1339; x_wconf 85' lang='lat' dir='ltr'><strong>communales</strong></span> <span class='ocrx_word' id='word_1_116' title='bbox 1940 1283 2010 1339; x_wconf 91' lang='lat' dir='ltr'><strong>de</strong></span> <span class='ocrx_word' id='word_1_117' title='bbox 2050 1284 2222 1340; x_wconf 81' lang='lat' dir='ltr'><strong>Rome</strong></span> <span class='ocrx_word' id='word_1_118' title='bbox 2257 1301 2386 1339; x_wconf 86' lang='lat' dir='ltr'><strong>sous</strong></span> <span class='ocrx_word' id='word_1_119' title='bbox 2422 1284 2478 1339; x_wconf 85' lang='lat' dir='ltr'><strong>la</strong></span> <span class='ocrx_word' id='word_1_120' title='bbox 2515 1286 2766 1356; x_wconf 77' lang='lat' dir='ltr'><strong>papante</strong></span> <span class='ocrx_word' id='word_1_121' title='bbox 2803 1284 2985 1355; x_wconf 81' lang='lat' dir='ltr'><strong>(Paris</strong></span> <span class='ocrx_word' id='word_1_122' title='bbox 3024 1286 3197 1351; x_wconf 91' lang='grc'>1901).</span> 
     </span>
    </p>
   </div>
   <div class='ocr_carea' id='block_1_3' title="bbox 385 1458 3271 1754">
    <p class='ocr_par' dir='ltr' id='par_1_3' title="bbox 385 1458 3271 1754">
     <span class='ocr_line' id='line_1_9' title="bbox 599 1458 3269 1543; baseline -0.001 -20"><span class='ocrx_word' id='word_1_123' title='bbox 599 1458 888 1523; x_wconf 86' lang='lat' dir='ltr'><strong>Arduam</strong></span> <span class='ocrx_word' id='word_1_124' title='bbox 956 1478 1111 1522; x_wconf 89' lang='lat' dir='ltr'><strong>sane</strong></span> <span class='ocrx_word' id='word_1_125' title='bbox 1179 1460 1623 1543; x_wconf 88' lang='lat' dir='ltr'><strong>quaestionem</strong></span> <span class='ocrx_word' id='word_1_126' title='bbox 1693 1459 1775 1524; x_wconf 91' lang='lat' dir='ltr'><strong>de</strong></span> <span class='ocrx_word' id='word_1_127' title='bbox 1841 1465 2103 1524; x_wconf 87' lang='lat' dir='ltr'><strong>senatus</strong></span> <span class='ocrx_word' id='word_1_128' title='bbox 2163 1458 2357 1524; x_wconf 80' lang='lat' dir='ltr'>Urbis</span> <span class='ocrx_word' id='word_1_129' title='bbox 2424 1459 2691 1525; x_wconf 91' lang='lat' dir='ltr'><strong>historia</strong></span> <span class='ocrx_word' id='word_1_130' title='bbox 2747 1460 2813 1524; x_wconf 87' lang='lat' dir='ltr'><strong>in</strong></span> <span class='ocrx_word' id='word_1_131' title='bbox 2872 1459 3069 1524; x_wconf 89' lang='lat' dir='ltr'><strong>medii</strong></span> <span class='ocrx_word' id='word_1_132' title='bbox 3125 1459 3269 1523; x_wconf 86' lang='lat' dir='ltr'><strong>aevi</strong></span> 
     </span>
     <span class='ocr_line' id='line_1_10' title="bbox 385 1562 3270 1649; baseline 0.001 -24"><span class='ocrx_word' id='word_1_133' title='bbox 385 1563 678 1647; x_wconf 87' lang='lat' dir='ltr'><strong>saeculis,</strong></span> <span class='ocrx_word' id='word_1_134' title='bbox 726 1563 878 1627; x_wconf 88' lang='lat' dir='ltr'><strong>licet</strong></span> <span class='ocrx_word' id='word_1_135' title='bbox 922 1564 1077 1627; x_wconf 85' lang='lat' dir='ltr'><strong>satis</strong></span> <span class='ocrx_word' id='word_1_136' title='bbox 1123 1562 1535 1647; x_wconf 86' lang='lat' dir='ltr'><strong>disputatam,</strong></span> <span class='ocrx_word' id='word_1_137' title='bbox 1582 1563 1793 1628; x_wconf 93' lang='lat' dir='ltr'><strong>denuo</strong></span> <span class='ocrx_word' id='word_1_138' title='bbox 1841 1563 2243 1629; x_wconf 86' lang='lat' dir='ltr'><strong>tractandam</strong></span> <span class='ocrx_word' id='word_1_139' title='bbox 2289 1563 2432 1627; x_wconf 91' lang='lat' dir='ltr'><strong>aliis</strong></span> <span class='ocrx_word' id='word_1_140' title='bbox 2462 1564 2774 1649; x_wconf 90' lang='lat' dir='ltr'><strong>relinquo.</strong></span> <span class='ocrx_word' id='word_1_141' title='bbox 2864 1564 3270 1628; x_wconf 90' lang='lat' dir='ltr'><strong>Documenta</strong></span> 
     </span>
     <span class='ocr_line' id='line_1_11' title="bbox 385 1667 3271 1754; baseline 0 -23"><span class='ocrx_word' id='word_1_142' title='bbox 385 1689 551 1753; x_wconf 91' lang='lat' dir='ltr'><strong>quae</strong></span> <span class='ocrx_word' id='word_1_143' title='bbox 610 1672 961 1752; x_wconf 89' lang='lat' dir='ltr'><strong>sequuntur</strong></span> <span class='ocrx_word' id='word_1_144' title='bbox 1017 1668 1234 1752; x_wconf 89' lang='lat' dir='ltr'><strong>priora</strong></span> <span class='ocrx_word' id='word_1_145' title='bbox 1301 1667 1385 1732; x_wconf 89' lang='lat' dir='ltr'><strong>ad</strong></span> <span class='ocrx_word' id='word_1_146' title='bbox 1452 1676 1747 1733; x_wconf 88' lang='lat' dir='ltr'><strong>senatum</strong></span> <span class='ocrx_word' id='word_1_147' title='bbox 1805 1670 2137 1752; x_wconf 87' lang='lat' dir='ltr'><strong>antiquum</strong></span> <span class='ocrx_word' id='word_1_148' title='bbox 2194 1674 2516 1753; x_wconf 87' lang='lat' dir='ltr'><strong>spectant,</strong></span> <span class='ocrx_word' id='word_1_149' title='bbox 2576 1669 2827 1754; x_wconf 87' lang='lat' dir='ltr'><strong>reliqua</strong></span> <span class='ocrx_word' id='word_1_150' title='bbox 2883 1667 2967 1733; x_wconf 91' lang='lat' dir='ltr'><strong>ad</strong></span> <span class='ocrx_word' id='word_1_151' title='bbox 3036 1689 3271 1732; x_wconf 84' lang='lat' dir='ltr'><strong>novum</strong></span> 
     </span>
    </p>
   </div>
   <div class='ocr_carea' id='block_1_4' title="bbox 384 1771 3267 1941">
    <p class='ocr_par' dir='ltr' id='par_1_4' title="bbox 384 1771 3267 1941">
     <span class='ocr_line' id='line_1_12' title="bbox 385 1771 3267 1857; baseline 0 -22"><span class='ocrx_word' id='word_1_152' title='bbox 385 1777 678 1836; x_wconf 89' lang='lat' dir='ltr'><strong>senatum</strong></span> <span class='ocrx_word' id='word_1_153' title='bbox 732 1774 796 1836; x_wconf 94' lang='lat' dir='ltr'><strong>in</strong></span> <span class='ocrx_word' id='word_1_154' title='bbox 851 1771 1175 1856; x_wconf 85' lang='lat' dir='ltr'><strong>Capitolio</strong></span> <span class='ocrx_word' id='word_1_155' title='bbox 1220 1794 1278 1836; x_wconf 87' lang='lat' dir='ltr'><strong>a.</strong></span> <span class='ocrx_word' id='word_1_156' title='bbox 1317 1776 1513 1857; x_wconf 79' lang='lat'><strong>1142,</strong></span> <span class='ocrx_word' id='word_1_157' title='bbox 1569 1779 1641 1837; x_wconf 91' lang='lat' dir='ltr'><strong>ut</strong></span> <span class='ocrx_word' id='word_1_158' title='bbox 1693 1772 1991 1857; x_wconf 90' lang='lat' dir='ltr'><strong>credunt,</strong></span> <span class='ocrx_word' id='word_1_159' title='bbox 2052 1795 2092 1837; x_wconf 88' lang='lat' dir='ltr'><strong>a</strong></span> <span class='ocrx_word' id='word_1_160' title='bbox 2137 1773 2378 1857; x_wconf 89' lang='lat' dir='ltr'><strong>populo</strong></span> <span class='ocrx_word' id='word_1_161' title='bbox 2424 1772 2722 1839; x_wconf 89' lang='lat' dir='ltr'><strong>Romano</strong></span> <span class='ocrx_word' id='word_1_162' title='bbox 2767 1779 2989 1838; x_wconf 88' lang='lat' dir='ltr'><strong>contra</strong></span> <span class='ocrx_word' id='word_1_163' title='bbox 3033 1794 3267 1857; x_wconf 90' lang='lat' dir='ltr'><strong>papam</strong></span> 
     </span>
     <span class='ocr_line' id='line_1_13' title="bbox 384 1878 759 1941; baseline 0.005 -2"><span class='ocrx_word' id='word_1_164' title='bbox 384 1878 759 1941; x_wconf 80' lang='lat' dir='ltr'><strong>institutum.</strong></span> 
     </span>
    </p>
   </div>
   <div class='ocr_carea' id='block_1_5' title="bbox 387 2064 3276 2568">
    <p class='ocr_par' dir='ltr' id='par_1_5' title="bbox 387 2064 3276 2568">
     <span class='ocr_line' id='line_1_14' title="bbox 599 2064 3273 2153; baseline -0.001 -22"><span class='ocrx_word' id='word_1_165' title='bbox 599 2067 950 2131; x_wconf 86' lang='lat' dir='ltr'><strong>Archivum</strong></span> <span class='ocrx_word' id='word_1_166' title='bbox 1007 2064 1183 2130; x_wconf 91' lang='lat' dir='ltr'><strong>urbis</strong></span> <span class='ocrx_word' id='word_1_167' title='bbox 1226 2065 1507 2149; x_wconf 87' lang='lat' dir='ltr'><strong>Romae,</strong></span> <span class='ocrx_word' id='word_1_168' title='bbox 1554 2066 1726 2151; x_wconf 89' lang='lat' dir='ltr'><strong>quod</strong></span> <span class='ocrx_word' id='word_1_169' title='bbox 1773 2073 2008 2131; x_wconf 82' lang='lat' dir='ltr'><strong>vocant</strong></span> <span class='ocrx_word' id='word_1_170' title='bbox 2052 2067 2516 2153; x_wconf 86' lang='lat' dir='ltr'><strong>Capitolinum,</strong></span> <span class='ocrx_word' id='word_1_171' title='bbox 2583 2069 2734 2153; x_wconf 91' lang='lat' dir='ltr'><strong>quia</strong></span> <span class='ocrx_word' id='word_1_172' title='bbox 2789 2066 3165 2132; x_wconf 79' lang='lat' dir='ltr'>adservatur</span> <span class='ocrx_word' id='word_1_173' title='bbox 3210 2067 3273 2128; x_wconf 90' lang='lat' dir='ltr'><strong>in</strong></span> 
     </span>
     <span class='ocr_line' id='line_1_15' title="bbox 389 2170 3276 2255; baseline -0.001 -21"><span class='ocrx_word' id='word_1_174' title='bbox 389 2170 745 2255; x_wconf 81' lang='lat' dir='ltr'><strong>Capitolio,</strong></span> <span class='ocrx_word' id='word_1_175' title='bbox 811 2170 1198 2234; x_wconf 91' lang='lat' dir='ltr'><strong>documenta</strong></span> <span class='ocrx_word' id='word_1_176' title='bbox 1256 2176 1515 2234; x_wconf 84' lang='lat' dir='ltr'><strong>senatus</strong></span> <span class='ocrx_word' id='word_1_177' title='bbox 1575 2177 1724 2235; x_wconf 91' lang='lat' dir='ltr'><strong>ante</strong></span> <span class='ocrx_word' id='word_1_178' title='bbox 1784 2192 1952 2236; x_wconf 88' lang='lat' dir='ltr'><strong>saec.</strong></span> <span class='ocrx_word' id='word_1_179' title='bbox 1985 2170 2159 2235; x_wconf 89' lang='lat' dir='ltr'><strong>XIII</strong></span> <span class='ocrx_word' id='word_1_180' title='bbox 2209 2173 2471 2237; x_wconf 92' lang='lat' dir='ltr'><strong>minime</strong></span> <span class='ocrx_word' id='word_1_181' title='bbox 2518 2177 2873 2236; x_wconf 86' lang='lat' dir='ltr'><strong>conservat.</strong></span> <span class='ocrx_word' id='word_1_182' title='bbox 2964 2170 3145 2245; x_wconf 84' lang='lat' dir='ltr'><strong>Quae</strong></span> <span class='ocrx_word' id='word_1_183' title='bbox 3192 2191 3276 2233; x_wconf 83' lang='lat' dir='ltr'><strong>ex</strong></span> 
     </span>
     <span class='ocr_line' id='line_1_16' title="bbox 389 2273 3274 2360; baseline 0 -25"><span class='ocrx_word' id='word_1_184' title='bbox 389 2295 555 2339; x_wconf 88' lang='lat' dir='ltr'><strong>saec.</strong></span> <span class='ocrx_word' id='word_1_185' title='bbox 588 2274 726 2338; x_wconf 88' lang='lat' dir='ltr'><strong>XII</strong></span> <span class='ocrx_word' id='word_1_186' title='bbox 770 2273 858 2337; x_wconf 93' lang='lat' dir='ltr'><strong>ibi</strong></span> <span class='ocrx_word' id='word_1_187' title='bbox 905 2273 1365 2358; x_wconf 88' lang='lat' dir='ltr'><strong>custodiuntur,</strong></span> <span class='ocrx_word' id='word_1_188' title='bbox 1412 2274 1681 2338; x_wconf 80' lang='lat' dir='ltr'><strong>comites</strong></span> <span class='ocrx_word' id='word_1_189' title='bbox 1725 2274 2169 2360; x_wconf 86' lang='lat' dir='ltr'><strong>Anguillariae</strong></span> <span class='ocrx_word' id='word_1_190' title='bbox 2215 2278 2563 2360; x_wconf 91' lang='lat' dir='ltr'><strong>respiciunt</strong></span> <span class='ocrx_word' id='word_1_191' title='bbox 2607 2274 2717 2360; x_wconf 86' lang='lat' dir='ltr'><strong>(cf.</strong></span> <span class='ocrx_word' id='word_1_192' title='bbox 2761 2273 2840 2339; x_wconf 81' lang='lat' dir='ltr'><strong>G.</strong></span> <span class='ocrx_word' id='word_1_193' title='bbox 2887 2274 3274 2337; x_wconf 85' lang='lat' dir='ltr'><strong>Tomassetti</strong></span> 
     </span>
     <span class='ocr_line' id='line_1_17' title="bbox 388 2376 3274 2465; baseline 0 -26"><span class='ocrx_word' id='word_1_194' title='bbox 388 2378 450 2440; x_wconf 92' lang='lat' dir='ltr'><strong>in</strong></span> <span class='ocrx_word' id='word_1_195' title='bbox 496 2378 691 2442; x_wconf 87' lang='lat' dir='ltr'><strong>Arch.</strong></span> <span class='ocrx_word' id='word_1_196' title='bbox 740 2377 913 2443; x_wconf 88' lang='lat' dir='ltr'><strong>della</strong></span> <span class='ocrx_word' id='word_1_197' title='bbox 958 2377 1102 2443; x_wconf 84' lang='lat' dir='ltr'><strong>Soc.</strong></span> <span class='ocrx_word' id='word_1_198' title='bbox 1147 2378 1336 2442; x_wconf 87' lang='lat' dir='ltr'><strong>Rom.</strong></span> <span class='ocrx_word' id='word_1_199' title='bbox 1370 2377 1433 2442; x_wconf 85' lang='lat' dir='ltr'><strong>V</strong></span> <span class='ocrx_word' id='word_1_200' title='bbox 1477 2377 1706 2465; x_wconf 82' lang='lat'>(1882)</span> <span class='ocrx_word' id='word_1_201' title='bbox 1752 2382 1834 2441; x_wconf 89' lang='grc'><strong>90</strong></span> <span class='ocrx_word' id='word_1_202' title='bbox 1859 2400 1984 2464; x_wconf 91' lang='lat' dir='ltr'><strong>sq.;</strong></span> <span class='ocrx_word' id='word_1_203' title='bbox 2032 2377 2113 2442; x_wconf 83' lang='lat' dir='ltr'><strong>G.</strong></span> <span class='ocrx_word' id='word_1_204' title='bbox 2160 2379 2373 2444; x_wconf 83' lang='lat' dir='ltr'><strong>Coleti</strong></span> <span class='ocrx_word' id='word_1_205' title='bbox 2417 2380 2458 2444; x_wconf 91' lang='lat' dir='ltr'><strong>l.</strong></span> <span class='ocrx_word' id='word_1_206' title='bbox 2492 2401 2546 2444; x_wconf 91' lang='lat' dir='ltr'><strong>c.</strong></span> <span class='ocrx_word' id='word_1_207' title='bbox 2580 2379 2711 2445; x_wconf 89' lang='lat' dir='ltr'><strong>VII</strong></span> <span class='ocrx_word' id='word_1_208' title='bbox 2756 2376 2985 2464; x_wconf 87' lang='grc'>(1884)</span> <span class='ocrx_word' id='word_1_209' title='bbox 3032 2380 3156 2441; x_wconf 81' lang='lat'><strong>525</strong></span> <span class='ocrx_word' id='word_1_210' title='bbox 3182 2399 3274 2462; x_wconf 90' lang='lat' dir='ltr'><strong>sq.</strong></span> 
     </span>
     <span class='ocr_line' id='line_1_18' title="bbox 387 2480 2178 2568; baseline 0.003 -25"><span class='ocrx_word' id='word_1_211' title='bbox 387 2487 453 2544; x_wconf 83' lang='lat' dir='ltr'><strong>et</strong></span> <span class='ocrx_word' id='word_1_212' title='bbox 497 2482 561 2545; x_wconf 87' lang='lat' dir='ltr'>X</span> <span class='ocrx_word' id='word_1_213' title='bbox 607 2483 833 2568; x_wconf 83' lang='lat'>(1887)</span> <span class='ocrx_word' id='word_1_214' title='bbox 879 2486 1003 2547; x_wconf 85' lang='lat'><strong>243</strong></span> <span class='ocrx_word' id='word_1_215' title='bbox 1030 2505 1156 2567; x_wconf 79' lang='lat' dir='ltr'><strong>sq.;</strong></span> <span class='ocrx_word' id='word_1_216' title='bbox 1205 2480 1380 2547; x_wconf 73' lang='grc'>0611.</span> <span class='ocrx_word' id='word_1_217' title='bbox 1413 2480 1652 2546; x_wconf 77' lang='lat' dir='ltr'><strong>Nachr.</strong></span> <span class='ocrx_word' id='word_1_218' title='bbox 1697 2486 1854 2545; x_wconf 87' lang='lat'>1901</span> <span class='ocrx_word' id='word_1_219' title='bbox 1907 2504 1969 2567; x_wconf 86' lang='lat' dir='ltr'><strong>p.</strong></span> <span class='ocrx_word' id='word_1_220' title='bbox 2003 2483 2178 2568; x_wconf 85' lang='lat'><strong><em>243).</em></strong></span> 
     </span>
    </p>
   </div>
   <div class='ocr_carea' id='block_1_6' title="bbox 390 2655 3278 2843">
    <p class='ocr_par' dir='ltr' id='par_1_6' title="bbox 390 2655 3278 2843">
     <span class='ocr_line' id='line_1_19' title="bbox 393 2655 3164 2720; baseline -0.001 -2"><span class='ocrx_word' id='word_1_221' title='bbox 393 2656 428 2718; x_wconf 89' lang='lat'><em>1</em></span> <span class='ocrx_word' id='word_1_222' title='bbox 2860 2655 3164 2720; x_wconf 81' lang='lat'><em>492—96</em></span> 
     </span>
     <span class='ocr_line' id='line_1_20' title="bbox 390 2656 3278 2843; baseline -0.002 -16"><span class='ocrx_word' id='word_1_223' title='bbox 390 2763 757 2829; x_wconf 85' lang='lat' dir='ltr'><strong>Gelasius</strong></span> <span class='ocrx_word' id='word_1_224' title='bbox 812 2762 846 2826; x_wconf 94' lang='grc' dir='ltr'><strong>Ι</strong></span> <span class='ocrx_word' id='word_1_225' title='bbox 905 2763 1040 2828; x_wconf 89' lang='lat' dir='ltr'><strong>edit</strong></span> <span class='ocrx_word' id='word_1_226' title='bbox 1095 2768 1437 2828; x_wconf 88' lang='lat' dir='ltr'><strong>tractatum</strong></span> <span class='ocrx_word' id='word_1_227' title='bbox 1515 2763 1821 2829; x_wconf 89' lang='lat' dir='ltr'><strong>adversus</strong></span> <span class='ocrx_word' id='word_1_228' title='bbox 1888 2762 2412 2828; x_wconf 86' lang='lat' dir='ltr'><strong>Andromachum</strong></span> <span class='ocrx_word' id='word_1_229' title='bbox 2477 2662 2863 2826; x_wconf 76' lang='lat' dir='ltr'><strong>senatorem(</strong></span> <span class='ocrx_word' id='word_1_230' title='bbox 2899 2656 3278 2843; x_wconf 58' lang='lat' dir='ltr'><strong>ceterosdue</strong></span> 
     </span>
    </p>
   </div>
   <div class='ocr_carea' id='block_1_7' title="bbox 391 2863 3277 3059">
    <p class='ocr_par' dir='ltr' id='par_1_7' title="bbox 391 2863 3277 3059">
     <span class='ocr_line' id='line_1_21' title="bbox 391 2863 3277 2953; baseline -0.002 -22"><span class='ocrx_word' id='word_1_231' title='bbox 391 2867 752 2951; x_wconf 87' lang='lat' dir='ltr'><strong>Romanos,</strong></span> <span class='ocrx_word' id='word_1_232' title='bbox 810 2868 916 2953; x_wconf 88' lang='lat' dir='ltr'><strong>qui</strong></span> <span class='ocrx_word' id='word_1_233' title='bbox 963 2868 1351 2952; x_wconf 83' lang='lat' dir='ltr'><strong>Lupercalia</strong></span> <span class='ocrx_word' id='word_1_234' title='bbox 1395 2868 1745 2933; x_wconf 91' lang='lat' dir='ltr'><strong>secundum</strong></span> <span class='ocrx_word' id='word_1_235' title='bbox 1792 2889 2038 2933; x_wconf 92' lang='lat' dir='ltr'><strong>morem</strong></span> <span class='ocrx_word' id='word_1_236' title='bbox 2085 2868 2421 2951; x_wconf 91' lang='lat' dir='ltr'><strong>pristinum</strong></span> <span class='ocrx_word' id='word_1_237' title='bbox 2468 2864 2742 2929; x_wconf 89' lang='lat' dir='ltr'><strong>colenda</strong></span> <span class='ocrx_word' id='word_1_238' title='bbox 2786 2863 3277 2929; x_wconf 81' lang='lat' dir='ltr'><strong>constituebant.</strong></span> 
     </span>
     <span class='ocr_line' id='line_1_22' title="bbox 392 2971 1088 3059; baseline -0.001 -22"><span class='ocrx_word' id='word_1_239' title='bbox 392 3010 472 3016; x_wconf 81' lang='lat'>—</span> <span class='ocrx_word' id='word_1_240' title='bbox 519 2971 764 3037; x_wconf 83' lang='lat' dir='ltr'><strong>Sedent</strong></span> <span class='ocrx_word' id='word_1_241' title='bbox 809 2971 1088 3059; x_wconf 88' lang='lat' dir='ltr'><strong>quidam.</strong></span> 
     </span>
    </p>
   </div>
   <div class='ocr_carea' id='block_1_8' title="bbox 598 3097 3280 3172">
    <p class='ocr_par' dir='ltr' id='par_1_8' title="bbox 598 3097 3280 3172">
     <span class='ocr_line' id='line_1_23' title="bbox 598 3097 3280 3172; baseline -0.003 -16"><span class='ocrx_word' id='word_1_242' title='bbox 598 3101 748 3158; x_wconf 76' lang='lat' dir='ltr'><strong>Edd.</strong></span> <span class='ocrx_word' id='word_1_243' title='bbox 766 3101 963 3156; x_wconf 60' lang='lat' dir='ltr'><strong>Mansa·</strong></span> <span class='ocrx_word' id='word_1_244' title='bbox 998 3101 1150 3156; x_wconf 77' lang='lat' dir='ltr'><strong>Vm</strong></span> <span class='ocrx_word' id='word_1_245' title='bbox 1179 3109 1248 3156; x_wconf 85' lang='lat'><strong>95</strong></span> <span class='ocrx_word' id='word_1_246' title='bbox 1283 3125 1349 3147; x_wconf 88' lang='lat'>=</span> <span class='ocrx_word' id='word_1_247' title='bbox 1385 3101 1573 3172; x_wconf 67' lang='lat' dir='ltr'><strong>Miqm·</strong></span> <span class='ocrx_word' id='word_1_248' title='bbox 1595 3100 1747 3156; x_wconf 85' lang='lat' dir='ltr'><strong>LIX</strong></span> <span class='ocrx_word' id='word_1_249' title='bbox 1770 3109 1878 3156; x_wconf 88' lang='lat'><strong><em>110.</em></strong></span> <span class='ocrx_word' id='word_1_250' title='bbox 1959 3100 2115 3155; x_wconf 68' lang='lat' dir='ltr'><strong>Thia</strong></span> <span class='ocrx_word' id='word_1_251' title='bbox 2137 3100 2280 3168; x_wconf 68' lang='lat' dir='ltr'><strong>Em».</strong></span> <span class='ocrx_word' id='word_1_252' title='bbox 2306 3100 2480 3156; x_wconf 85' lang='lat'><strong><em>1598.</em></strong></span> <span class='ocrx_word' id='word_1_253' title='bbox 2505 3128 2575 3140; x_wconf 88' lang='grc'>-</span> <span class='ocrx_word' id='word_1_254' title='bbox 2598 3099 2761 3169; x_wconf 70' lang='lat' dir='ltr'><strong>Reqy.</strong></span> <span class='ocrx_word' id='word_1_255' title='bbox 2786 3100 2849 3155; x_wconf 88' lang='lat' dir='ltr'><strong>J.</strong></span> <span class='ocrx_word' id='word_1_256' title='bbox 2874 3103 2987 3153; x_wconf 75' lang='lat'><strong><em>463.</em></strong></span> <span class='ocrx_word' id='word_1_257' title='bbox 3024 3097 3145 3152; x_wconf 80' lang='lat' dir='ltr'><strong>JK.</strong></span> <span class='ocrx_word' id='word_1_258' title='bbox 3171 3102 3280 3150; x_wconf 80' lang='lat'><strong><em>672.</em></strong></span> 
     </span>
    </p>
   </div>
   <div class='ocr_carea' id='block_1_9' title="bbox 390 3255 3283 3551">
    <p class='ocr_par' dir='ltr' id='par_1_9' title="bbox 390 3255 3283 3551">
     <span class='ocr_line' id='line_1_24' title="bbox 390 3255 3163 3324; baseline 0.007 -26"><span class='ocrx_word' id='word_1_259' title='bbox 390 3261 436 3324; x_wconf 77' lang='lat'><strong><em>2</em></strong></span> <span class='ocrx_word' id='word_1_260' title='bbox 2843 3255 2969 3317; x_wconf 79' lang='lat'><strong>530</strong></span> <span class='ocrx_word' id='word_1_261' title='bbox 3011 3276 3044 3318; x_wconf 82' lang='lat' dir='ltr'><strong>s</strong></span> <span class='ocrx_word' id='word_1_262' title='bbox 3121 3260 3163 3318; x_wconf 74' lang='lat' dir='ltr'><strong>t.</strong></span> 
     </span>
     <span class='ocr_line' id='line_1_25' title="bbox 392 3256 3280 3447; baseline -0.001 -21"><span class='ocrx_word' id='word_1_263' title='bbox 392 3363 615 3427; x_wconf 83' lang='lat' dir='ltr'><strong>Felix</strong></span> <span class='ocrx_word' id='word_1_264' title='bbox 661 3363 757 3428; x_wconf 88' lang='lat' dir='ltr'><strong>IV</strong></span> <span class='ocrx_word' id='word_1_265' title='bbox 803 3333 1141 3446; x_wconf 37' lang='lat' dir='ltr'><strong>episcop-is,</strong></span> <span class='ocrx_word' id='word_1_266' title='bbox 1187 3361 1602 3447; x_wconf 86' lang='lat' dir='ltr'><strong>presbyteris,</strong></span> <span class='ocrx_word' id='word_1_267' title='bbox 1653 3363 1939 3428; x_wconf 87' lang='lat' dir='ltr'><strong>diaconis</strong></span> <span class='ocrx_word' id='word_1_268' title='bbox 1968 3363 2070 3428; x_wconf 82' lang='lat' dir='ltr'><strong>vel</strong></span> <span class='ocrx_word' id='word_1_269' title='bbox 2120 3368 2347 3427; x_wconf 87' lang='lat' dir='ltr'><strong>cuncto</strong></span> <span class='ocrx_word' id='word_1_270' title='bbox 2380 3361 2574 3438; x_wconf 79' lang='lat' dir='ltr'><strong>oleru,</strong></span> <span class='ocrx_word' id='word_1_271' title='bbox 2620 3257 2869 3425; x_wconf 57' lang='lat' dir='ltr'><strong>senatgi</strong></span> <span class='ocrx_word' id='word_1_272' title='bbox 2916 3365 2982 3423; x_wconf 88' lang='lat' dir='ltr'><strong>et</strong></span> <span class='ocrx_word' id='word_1_273' title='bbox 3011 3256 3280 3444; x_wconf 51' lang='lat' dir='ltr'><strong>pbppglo:</strong></span> 
     </span>
     <span class='ocr_line' id='line_1_26' title="bbox 397 3462 3283 3551; baseline -0.002 -22"><span class='ocrx_word' id='word_1_274' title='bbox 397 3467 709 3550; x_wconf 84' lang='lat' dir='ltr'><strong>declarat,</strong></span> <span class='ocrx_word' id='word_1_275' title='bbox 771 3467 892 3530; x_wconf 94' lang='lat' dir='ltr'><strong>hoc</strong></span> <span class='ocrx_word' id='word_1_276' title='bbox 937 3467 1056 3531; x_wconf 91' lang='lat' dir='ltr'><strong>sibi</strong></span> <span class='ocrx_word' id='word_1_277' title='bbox 1102 3469 1427 3551; x_wconf 83' lang='lat' dir='ltr'><strong>aspirante</strong></span> <span class='ocrx_word' id='word_1_278' title='bbox 1472 3468 1617 3532; x_wconf 93' lang='lat' dir='ltr'><strong>Deo</strong></span> <span class='ocrx_word' id='word_1_279' title='bbox 1673 3489 1816 3532; x_wconf 91' lang='lat' dir='ltr'><strong>esse</strong></span> <span class='ocrx_word' id='word_1_280' title='bbox 1861 3474 2320 3551; x_wconf 86' lang='lat' dir='ltr'><strong>conpunctum,</strong></span> <span class='ocrx_word' id='word_1_281' title='bbox 2379 3472 2451 3530; x_wconf 90' lang='lat' dir='ltr'><strong>ut</strong></span> <span class='ocrx_word' id='word_1_282' title='bbox 2506 3471 2653 3549; x_wconf 92' lang='lat' dir='ltr'><strong>post</strong></span> <span class='ocrx_word' id='word_1_283' title='bbox 2704 3485 2887 3528; x_wconf 88' lang='lat' dir='ltr'><strong>suum</strong></span> <span class='ocrx_word' id='word_1_284' title='bbox 2934 3462 3283 3528; x_wconf 88' lang='lat' dir='ltr'><strong>discessum</strong></span> 
     </span>
    </p>
   </div>
   <div class='ocr_carea' id='block_1_10' title="bbox 395 3567 3286 3738">
    <p class='ocr_par' dir='ltr' id='par_1_10' title="bbox 395 3567 3286 3738">
     <span class='ocr_line' id='line_1_27' title="bbox 395 3567 3286 3656; baseline -0.002 -22"><span class='ocrx_word' id='word_1_285' title='bbox 395 3571 755 3634; x_wconf 87' lang='lat' dir='ltr'><strong>Bonifatius</strong></span> <span class='ocrx_word' id='word_1_286' title='bbox 807 3570 1324 3654; x_wconf 89' lang='lat' dir='ltr'><strong>archidiaconus,</strong></span> <span class='ocrx_word' id='word_1_287' title='bbox 1386 3573 1795 3656; x_wconf 88' lang='lat' dir='ltr'><strong>episcopatus</strong></span> <span class='ocrx_word' id='word_1_288' title='bbox 1850 3571 2093 3635; x_wconf 89' lang='lat' dir='ltr'><strong>honore</strong></span> <span class='ocrx_word' id='word_1_289' title='bbox 2152 3576 2478 3654; x_wconf 82' lang='lat' dir='ltr'><strong>susceptu,</strong></span> <span class='ocrx_word' id='word_1_290' title='bbox 2542 3570 2904 3634; x_wconf 87' lang='lat' dir='ltr'><strong>Romanam</strong></span> <span class='ocrx_word' id='word_1_291' title='bbox 2971 3567 3286 3652; x_wconf 87' lang='lat' dir='ltr'><strong>gubernet</strong></span> 
     </span>
     <span class='ocr_line' id='line_1_28' title="bbox 397 3673 755 3738; baseline 0 0"><span class='ocrx_word' id='word_1_292' title='bbox 397 3673 755 3738; x_wconf 87' lang='lat' dir='ltr'><strong>ecclesiam.</strong></span> 
     </span>
    </p>
   </div>
   <div class='ocr_carea' id='block_1_11' title="bbox 603 3781 3284 3943">
    <p class='ocr_par' dir='ltr' id='par_1_11' title="bbox 603 3781 3284 3943">
     <span class='ocr_line' id='line_1_29' title="bbox 775 3781 3284 3852; baseline -0.001 -15"><span class='ocrx_word' id='word_1_293' title='bbox 775 3803 824 3838; x_wconf 81' lang='lat' dir='ltr'><strong>v.</strong></span> <span class='ocrx_word' id='word_1_294' title='bbox 851 3784 903 3838; x_wconf 85' lang='lat' dir='ltr'><strong>S.</strong></span> <span class='ocrx_word' id='word_1_295' title='bbox 931 3784 992 3838; x_wconf 80' lang='lat' dir='ltr'><strong>R.</strong></span> <span class='ocrx_word' id='word_1_296' title='bbox 1019 3785 1079 3839; x_wconf 87' lang='lat' dir='ltr'><strong>E.</strong></span> <span class='ocrx_word' id='word_1_297' title='bbox 1106 3783 1417 3840; x_wconf 83' lang='lat' dir='ltr'><strong>cardinales</strong></span> <span class='ocrx_word' id='word_1_298' title='bbox 1454 3804 1507 3841; x_wconf 91' lang='lat' dir='ltr'><strong>n.</strong></span> <span class='ocrx_word' id='word_1_299' title='bbox 1531 3785 1582 3840; x_wconf 83' lang='lat'><strong>2.</strong></span> <span class='ocrx_word' id='word_1_300' title='bbox 1611 3817 1675 3826; x_wconf 90' lang='lat'>—</span> <span class='ocrx_word' id='word_1_301' title='bbox 1707 3786 2215 3852; x_wconf 86' lang='lat' dir='ltr'><strong>„Contestationem</strong></span> <span class='ocrx_word' id='word_1_302' title='bbox 2240 3787 2493 3840; x_wconf 76' lang='lat' dir='ltr'><strong>senatns‘¹</strong></span> <span class='ocrx_word' id='word_1_303' title='bbox 2537 3784 2606 3839; x_wconf 90' lang='lat' dir='ltr'><strong>de</strong></span> <span class='ocrx_word' id='word_1_304' title='bbox 2641 3784 2750 3838; x_wconf 85' lang='lat' dir='ltr'><strong>hac</strong></span> <span class='ocrx_word' id='word_1_305' title='bbox 2772 3800 2832 3838; x_wconf 92' lang='lat' dir='ltr'><strong>re</strong></span> <span class='ocrx_word' id='word_1_306' title='bbox 2857 3782 2960 3837; x_wconf 72' lang='lat' dir='ltr'><strong>Th.</strong></span> <span class='ocrx_word' id='word_1_307' title='bbox 2983 3781 3284 3835; x_wconf 86' lang='lat' dir='ltr'><strong>Mommsen</strong></span> 
     </span>
     <span class='ocr_line' id='line_1_30' title="bbox 603 3870 2142 3943; baseline 0.001 -18"><span class='ocrx_word' id='word_1_308' title='bbox 603 3870 660 3925; x_wconf 91' lang='lat' dir='ltr'><strong>in</strong></span> <span class='ocrx_word' id='word_1_309' title='bbox 698 3871 768 3926; x_wconf 89' lang='lat' dir='ltr'><strong>N.</strong></span> <span class='ocrx_word' id='word_1_310' title='bbox 805 3870 1011 3926; x_wconf 85' lang='lat' dir='ltr'><strong>Archiv</strong></span> <span class='ocrx_word' id='word_1_311' title='bbox 1051 3871 1099 3925; x_wconf 85' lang='lat' dir='ltr'>X</span> <span class='ocrx_word' id='word_1_312' title='bbox 1139 3872 1318 3940; x_wconf 81' lang='grc'>(1885)</span> <span class='ocrx_word' id='word_1_313' title='bbox 1355 3872 1452 3927; x_wconf 89' lang='grc'><strong>581</strong></span> <span class='ocrx_word' id='word_1_314' title='bbox 1481 3891 1563 3942; x_wconf 85' lang='lat' dir='ltr'><strong>sq.</strong></span> <span class='ocrx_word' id='word_1_315' title='bbox 1600 3873 2004 3943; x_wconf 87' lang='lat' dir='ltr'><strong>interpretatus</strong></span> <span class='ocrx_word' id='word_1_316' title='bbox 2041 3875 2142 3927; x_wconf 86' lang='lat' dir='ltr'><strong>est.</strong></span> 
     </span>
    </p>
   </div>
   <div class='ocr_carea' id='block_1_12' title="bbox 397 4009 3317 4412">
    <p class='ocr_par' dir='ltr' id='par_1_12' title="bbox 397 4009 3317 4412">
     <span class='ocr_line' id='line_1_31' title="bbox 397 4009 3317 4074; baseline -0.001 0"><span class='ocrx_word' id='word_1_317' title='bbox 397 4016 441 4074; x_wconf 83' lang='lat'><strong><em>3</em></strong></span> <span class='ocrx_word' id='word_1_318' title='bbox 2848 4009 2975 4074; x_wconf 79' lang='lat'><strong>602</strong></span> <span class='ocrx_word' id='word_1_319' title='bbox 3017 4030 3082 4072; x_wconf 84' lang='lat' dir='ltr'><strong>se</strong></span> <span class='ocrx_word' id='word_1_320' title='bbox 3128 4011 3167 4072; x_wconf 80' lang='lat' dir='ltr'><strong>t.</strong></span> <span class='ocrx_word' id='word_1_321' title='bbox 3310 4033 3317 4037; x_wconf 89' lang='lat'><strong>·</strong></span> 
     </span>
     <span class='ocr_line' id='line_1_32' title="bbox 399 4010 3289 4204; baseline -0.002 -23"><span class='ocrx_word' id='word_1_322' title='bbox 399 4116 829 4202; x_wconf 84' lang='lat' dir='ltr'><strong>Gregorius</strong></span> <span class='ocrx_word' id='word_1_323' title='bbox 873 4116 907 4180; x_wconf 94' lang='grc' dir='ltr'><strong>Ι</strong></span> <span class='ocrx_word' id='word_1_324' title='bbox 975 4116 1216 4182; x_wconf 86' lang='lat' dir='ltr'><strong>civibus</strong></span> <span class='ocrx_word' id='word_1_325' title='bbox 1280 4118 1561 4184; x_wconf 90' lang='lat' dir='ltr'><strong>Romae:</strong></span> <span class='ocrx_word' id='word_1_326' title='bbox 1632 4118 1852 4202; x_wconf 91' lang='lat' dir='ltr'><strong>docet,</strong></span> <span class='ocrx_word' id='word_1_327' title='bbox 1921 4118 2095 4204; x_wconf 91' lang='lat' dir='ltr'><strong>quod</strong></span> <span class='ocrx_word' id='word_1_328' title='bbox 2151 4119 2232 4184; x_wconf 92' lang='lat' dir='ltr'><strong>de</strong></span> <span class='ocrx_word' id='word_1_329' title='bbox 2291 4117 2562 4183; x_wconf 90' lang='lat' dir='ltr'><strong>sabbato</strong></span> <span class='ocrx_word' id='word_1_330' title='bbox 2616 4010 2920 4201; x_wconf 75' lang='lat' dir='ltr'><strong>script1(1m</strong></span> <span class='ocrx_word' id='word_1_331' title='bbox 2967 4029 3124 4197; x_wconf 48' lang='lat' dir='ltr'><strong>est?</strong></span> <span class='ocrx_word' id='word_1_332' title='bbox 3160 4011 3289 4177; x_wconf 70' lang='grc'>1)1011</span> 
     </span>
     <span class='ocr_line' id='line_1_33' title="bbox 400 4220 3287 4308; baseline -0.001 -24"><span class='ocrx_word' id='word_1_333' title='bbox 400 4220 747 4285; x_wconf 90' lang='lat' dir='ltr'><strong>secundum</strong></span> <span class='ocrx_word' id='word_1_334' title='bbox 793 4221 958 4307; x_wconf 87' lang='lat' dir='ltr'><strong>legis</strong></span> <span class='ocrx_word' id='word_1_335' title='bbox 1001 4222 1304 4308; x_wconf 87' lang='lat' dir='ltr'><strong>litteram,</strong></span> <span class='ocrx_word' id='word_1_336' title='bbox 1351 4222 1465 4288; x_wconf 89' lang='lat' dir='ltr'><strong>sed</strong></span> <span class='ocrx_word' id='word_1_337' title='bbox 1514 4224 1931 4308; x_wconf 87' lang='lat' dir='ltr'><strong>spiritualiter</strong></span> <span class='ocrx_word' id='word_1_338' title='bbox 1977 4244 2047 4287; x_wconf 89' lang='lat' dir='ltr'><strong>se</strong></span> <span class='ocrx_word' id='word_1_339' title='bbox 2094 4229 2345 4300; x_wconf 90' lang='lat' dir='ltr'><strong>tenere;</strong></span> <span class='ocrx_word' id='word_1_340' title='bbox 2392 4243 2623 4308; x_wconf 88' lang='lat' dir='ltr'><strong>corpus</strong></span> <span class='ocrx_word' id='word_1_341' title='bbox 2669 4221 2774 4284; x_wconf 88' lang='lat' dir='ltr'><strong>die</strong></span> <span class='ocrx_word' id='word_1_342' title='bbox 2805 4220 3123 4284; x_wconf 90' lang='lat' dir='ltr'><strong>dominico</strong></span> <span class='ocrx_word' id='word_1_343' title='bbox 3171 4239 3287 4302; x_wconf 92' lang='lat' dir='ltr'><strong>pro</strong></span> 
     </span>
     <span class='ocr_line' id='line_1_34' title="bbox 399 4324 2915 4412; baseline 0 -23"><span class='ocrx_word' id='word_1_344' title='bbox 399 4327 803 4409; x_wconf 88' lang='lat' dir='ltr'><strong>necessitate,</strong></span> <span class='ocrx_word' id='word_1_345' title='bbox 850 4348 975 4391; x_wconf 92' lang='lat' dir='ltr'><strong>non</strong></span> <span class='ocrx_word' id='word_1_346' title='bbox 1020 4327 1367 4411; x_wconf 83' lang='lat' dir='ltr'><strong>voluptatis</strong></span> <span class='ocrx_word' id='word_1_347' title='bbox 1412 4347 1625 4412; x_wconf 87' lang='lat' dir='ltr'><strong>causa,</strong></span> <span class='ocrx_word' id='word_1_348' title='bbox 1671 4328 1868 4392; x_wconf 91' lang='lat' dir='ltr'><strong>licere</strong></span> <span class='ocrx_word' id='word_1_349' title='bbox 1914 4327 2135 4392; x_wconf 81' lang='lat' dir='ltr'><strong>lavari.</strong></span> <span class='ocrx_word' id='word_1_350' title='bbox 2184 4364 2266 4374; x_wconf 92' lang='lat'><strong>—</strong></span> <span class='ocrx_word' id='word_1_351' title='bbox 2312 4326 2620 4392; x_wconf 79' lang='lat' dir='ltr'><strong>Pervenit</strong></span> <span class='ocrx_word' id='word_1_352' title='bbox 2664 4324 2746 4391; x_wconf 89' lang='lat' dir='ltr'><strong>ad</strong></span> <span class='ocrx_word' id='word_1_353' title='bbox 2792 4346 2915 4389; x_wconf 90' lang='lat' dir='ltr'><strong>me.</strong></span> 
     </span>
    </p>
   </div>
   <div class='ocr_carea' id='block_1_13' title="bbox 606 4450 3290 4523">
    <p class='ocr_par' dir='ltr' id='par_1_13' title="bbox 606 4450 3290 4523">
     <span class='ocr_line' id='line_1_35' title="bbox 606 4450 3290 4523; baseline -0.002 -13"><span class='ocrx_word' id='word_1_354' title='bbox 606 4454 744 4521; x_wconf 73' lang='lat' dir='ltr'><strong>Req.</strong></span> <span class='ocrx_word' id='word_1_355' title='bbox 775 4453 924 4523; x_wconf 73' lang='lat' dir='ltr'><strong>Grey.</strong></span> <span class='ocrx_word' id='word_1_356' title='bbox 955 4456 995 4508; x_wconf 94' lang='lat' dir='ltr'><strong>I</strong></span> <span class='ocrx_word' id='word_1_357' title='bbox 1020 4455 1108 4510; x_wconf 72' lang='grc' dir='ltr'>Ζῶ.</span> <span class='ocrx_word' id='word_1_358' title='bbox 1139 4455 1310 4510; x_wconf 84' lang='lat' dir='ltr'><strong>XIII</strong></span> <span class='ocrx_word' id='word_1_359' title='bbox 1338 4471 1418 4523; x_wconf 80' lang='lat' dir='ltr'><strong>ep.</strong></span> <span class='ocrx_word' id='word_1_360' title='bbox 1443 4461 1492 4509; x_wconf 84' lang='lat'><strong>3.</strong></span> <span class='ocrx_word' id='word_1_361' title='bbox 1539 4485 1608 4494; x_wconf 92' lang='lat'>—</span> <span class='ocrx_word' id='word_1_362' title='bbox 1655 4455 1801 4511; x_wconf 74' lang='lat' dir='ltr'><strong>Edd.</strong></span> <span class='ocrx_word' id='word_1_363' title='bbox 1837 4455 1892 4510; x_wconf 74' lang='lat' dir='ltr'><strong>S.</strong></span> <span class='ocrx_word' id='word_1_364' title='bbox 1919 4455 2165 4523; x_wconf 70' lang='lat' dir='ltr'><strong>Greyon&#39;i</strong></span> <span class='ocrx_word' id='word_1_365' title='bbox 2223 4454 2358 4523; x_wconf 79' lang='lat' dir='ltr'><strong>opp.</strong></span> <span class='ocrx_word' id='word_1_366' title='bbox 2395 4453 2477 4509; x_wconf 72' lang='lat' dir='ltr'><strong>ed.</strong></span> <span class='ocrx_word' id='word_1_367' title='bbox 2515 4453 2706 4507; x_wconf 78' lang='lat' dir='ltr'><strong>Maur.</strong></span> <span class='ocrx_word' id='word_1_368' title='bbox 2745 4450 2823 4504; x_wconf 92' lang='grc' dir='ltr'><strong>ΙΙ</strong></span> <span class='ocrx_word' id='word_1_369' title='bbox 2849 4450 2933 4504; x_wconf 73' lang='lat' dir='ltr'><strong>lib.</strong></span> <span class='ocrx_word' id='word_1_370' title='bbox 2964 4451 3136 4504; x_wconf 87' lang='lat' dir='ltr'><strong>XIII</strong></span> <span class='ocrx_word' id='word_1_371' title='bbox 3162 4466 3219 4504; x_wconf 76' lang='lat' dir='ltr'><strong>n.</strong></span> <span class='ocrx_word' id='word_1_372' title='bbox 3245 4458 3290 4504; x_wconf 89' lang='lat'><strong>1.</strong></span> 
     </span>
    </p>
   </div>
   <div class='ocr_carea' id='block_1_14' title="bbox 400 4536 3290 4685">
    <p class='ocr_par' dir='ltr' id='par_1_14' title="bbox 400 4536 3290 4685">
     <span class='ocr_line' id='line_1_36' title="bbox 404 4536 3290 4612; baseline -0.002 -18"><span class='ocrx_word' id='word_1_373' title='bbox 404 4541 596 4594; x_wconf 79' lang='lat' dir='ltr'><strong>Mansi</strong></span> <span class='ocrx_word' id='word_1_374' title='bbox 635 4541 697 4595; x_wconf 91' lang='lat' dir='ltr'><em>X</em></span> <span class='ocrx_word' id='word_1_375' title='bbox 727 4547 826 4596; x_wconf 75' lang='lat'><strong>341</strong></span> <span class='ocrx_word' id='word_1_376' title='bbox 860 4557 917 4595; x_wconf 74' lang='lat' dir='ltr'><strong>n.</strong></span> <span class='ocrx_word' id='word_1_377' title='bbox 940 4547 988 4596; x_wconf 84' lang='lat'><strong>3.</strong></span> <span class='ocrx_word' id='word_1_378' title='bbox 1059 4543 1247 4612; x_wconf 71' lang='lat' dir='ltr'><strong>Miyne</strong></span> <span class='ocrx_word' id='word_1_379' title='bbox 1278 4541 1603 4599; x_wconf 87' lang='lat' dir='ltr'><strong>LXXVII</strong></span> <span class='ocrx_word' id='word_1_380' title='bbox 1621 4549 1749 4598; x_wconf 83' lang='lat'><strong><em>1253</em></strong></span> <span class='ocrx_word' id='word_1_381' title='bbox 1782 4558 1838 4596; x_wconf 74' lang='lat' dir='ltr'><strong>n.</strong></span> <span class='ocrx_word' id='word_1_382' title='bbox 1863 4552 1904 4598; x_wconf 86' lang='lat'><strong>1.</strong></span> <span class='ocrx_word' id='word_1_383' title='bbox 1980 4541 2134 4598; x_wconf 77' lang='lat' dir='ltr'><strong>Mon.</strong></span> <span class='ocrx_word' id='word_1_384' title='bbox 2163 4541 2336 4596; x_wconf 74' lang='lat' dir='ltr'><strong>Germ.</strong></span> <span class='ocrx_word' id='word_1_385' title='bbox 2363 4541 2507 4610; x_wconf 74' lang='lat' dir='ltr'><strong>Epp.</strong></span> <span class='ocrx_word' id='word_1_386' title='bbox 2532 4539 2607 4594; x_wconf 89' lang='lat' dir='ltr'><strong><em>H</em></strong></span> <span class='ocrx_word' id='word_1_387' title='bbox 2617 4544 2727 4595; x_wconf 80' lang='lat'><strong><em>367.</em></strong></span> <span class='ocrx_word' id='word_1_388' title='bbox 2765 4569 2831 4578; x_wconf 85' lang='grc'><strong>-</strong></span> <span class='ocrx_word' id='word_1_389' title='bbox 2870 4536 3031 4607; x_wconf 73' lang='lat' dir='ltr'><strong>Reyy.</strong></span> <span class='ocrx_word' id='word_1_390' title='bbox 3057 4537 3111 4591; x_wconf 85' lang='lat' dir='ltr'><strong>J.</strong></span> <span class='ocrx_word' id='word_1_391' title='bbox 3140 4543 3290 4590; x_wconf 79' lang='grc'>1485.</span> 
     </span>
     <span class='ocr_line' id='line_1_37' title="bbox 400 4629 699 4685; baseline 0.003 -3"><span class='ocrx_word' id='word_1_392' title='bbox 400 4629 514 4685; x_wconf 82' lang='lat' dir='ltr'><strong>JE.</strong></span> <span class='ocrx_word' id='word_1_393' title='bbox 555 4636 699 4684; x_wconf 82' lang='grc'>1867.</span> 
     </span>
    </p>
   </div>
   <div class='ocr_carea' id='block_1_15' title="bbox 609 4719 3293 4970">
    <p class='ocr_par' dir='ltr' id='par_1_15' title="bbox 609 4719 3293 4970">
     <span class='ocr_line' id='line_1_38' title="bbox 779 4719 3291 4797; baseline -0.003 -18"><span class='ocrx_word' id='word_1_394' title='bbox 779 4725 948 4780; x_wconf 84' lang='lat' dir='ltr'><strong>Aliud</strong></span> <span class='ocrx_word' id='word_1_395' title='bbox 987 4725 1308 4797; x_wconf 82' lang='lat' dir='ltr'><strong>Gregorii</strong></span> <span class='ocrx_word' id='word_1_396' title='bbox 1347 4727 1372 4780; x_wconf 93' lang='lat'>1</span> <span class='ocrx_word' id='word_1_397' title='bbox 1415 4726 1484 4781; x_wconf 91' lang='lat' dir='ltr'><strong>de</strong></span> <span class='ocrx_word' id='word_1_398' title='bbox 1531 4724 1805 4781; x_wconf 85' lang='lat' dir='ltr'><strong>ministris</strong></span> <span class='ocrx_word' id='word_1_399' title='bbox 1850 4725 2333 4781; x_wconf 87' lang='lat' dir='ltr'><strong>incontinentibus</strong></span> <span class='ocrx_word' id='word_1_400' title='bbox 2378 4724 2652 4790; x_wconf 87' lang='lat' dir='ltr'><strong>edictum,</strong></span> <span class='ocrx_word' id='word_1_401' title='bbox 2708 4722 2845 4777; x_wconf 88' lang='lat' dir='ltr'><strong>licet</strong></span> <span class='ocrx_word' id='word_1_402' title='bbox 2889 4719 3291 4790; x_wconf 79' lang='lat' dir='ltr'><strong>apocryphum,</strong></span> 
     </span>
     <span class='ocr_line' id='line_1_39' title="bbox 610 4807 3293 4882; baseline -0.003 -15"><span class='ocrx_word' id='word_1_403' title='bbox 610 4814 758 4882; x_wconf 90' lang='lat' dir='ltr'><strong>quod</strong></span> <span class='ocrx_word' id='word_1_404' title='bbox 795 4816 980 4869; x_wconf 82' lang='lat' dir='ltr'><strong>exstat</strong></span> <span class='ocrx_word' id='word_1_405' title='bbox 1016 4811 1072 4866; x_wconf 92' lang='lat' dir='ltr'><strong>in</strong></span> <span class='ocrx_word' id='word_1_406' title='bbox 1114 4811 1372 4867; x_wconf 85' lang='lat' dir='ltr'><strong>Gratiani</strong></span> <span class='ocrx_word' id='word_1_407' title='bbox 1408 4813 1566 4868; x_wconf 89' lang='lat' dir='ltr'><strong>Decr.</strong></span> <span class='ocrx_word' id='word_1_408' title='bbox 1604 4814 1625 4866; x_wconf 92' lang='lat'>1</span> <span class='ocrx_word' id='word_1_409' title='bbox 1667 4813 1730 4868; x_wconf 94' lang='lat' dir='ltr'><strong>D.</strong></span> <span class='ocrx_word' id='word_1_410' title='bbox 1755 4813 1820 4868; x_wconf 88' lang='lat'><strong>81</strong></span> <span class='ocrx_word' id='word_1_411' title='bbox 1861 4830 1904 4868; x_wconf 89' lang='lat' dir='ltr'><strong>c.</strong></span> <span class='ocrx_word' id='word_1_412' title='bbox 1944 4813 2013 4867; x_wconf 85' lang='lat'><strong>23</strong></span> <span class='ocrx_word' id='word_1_413' title='bbox 2067 4813 2139 4880; x_wconf 88' lang='lat' dir='ltr'><strong>(J.</strong></span> <span class='ocrx_word' id='word_1_414' title='bbox 2178 4815 2211 4880; x_wconf 79' lang='lat'><em>†</em></span> <span class='ocrx_word' id='word_1_415' title='bbox 2249 4812 2532 4868; x_wconf 86' lang='lat' dir='ltr'><strong>CCXLIV.</strong></span> <span class='ocrx_word' id='word_1_416' title='bbox 2566 4811 2663 4867; x_wconf 86' lang='lat' dir='ltr'><strong>JE.</strong></span> <span class='ocrx_word' id='word_1_417' title='bbox 2702 4812 2735 4877; x_wconf 79' lang='lat'><em>†</em></span> <span class='ocrx_word' id='word_1_418' title='bbox 2776 4809 2947 4876; x_wconf 82' lang='lat'><strong>1939),</strong></span> <span class='ocrx_word' id='word_1_419' title='bbox 3000 4807 3147 4860; x_wconf 86' lang='lat' dir='ltr'><strong>solus</strong></span> <span class='ocrx_word' id='word_1_420' title='bbox 3198 4807 3293 4859; x_wconf 83' lang='lat' dir='ltr'><strong>lvo</strong></span> 
     </span>
     <span class='ocr_line' id='line_1_40' title="bbox 609 4898 2603 4970; baseline -0.001 -17"><span class='ocrx_word' id='word_1_421' title='bbox 609 4900 788 4967; x_wconf 81' lang='lat' dir='ltr'><strong>(Dect.</strong></span> <span class='ocrx_word' id='word_1_422' title='bbox 826 4899 924 4954; x_wconf 91' lang='lat' dir='ltr'><strong>lib.</strong></span> <span class='ocrx_word' id='word_1_423' title='bbox 947 4898 1025 4954; x_wconf 91' lang='lat' dir='ltr'><strong>VI</strong></span> <span class='ocrx_word' id='word_1_424' title='bbox 1062 4916 1110 4953; x_wconf 90' lang='lat' dir='ltr'><strong>c.</strong></span> <span class='ocrx_word' id='word_1_425' title='bbox 1137 4900 1227 4970; x_wconf 86' lang='lat'><strong>76)</strong></span> <span class='ocrx_word' id='word_1_426' title='bbox 1266 4898 1578 4969; x_wconf 87' lang='lat' dir='ltr'><strong>inscripsit:</strong></span> <span class='ocrx_word' id='word_1_427' title='bbox 1616 4898 1997 4969; x_wconf 84' lang='lat' dir='ltr'><strong>Gregorius</strong></span> <span class='ocrx_word' id='word_1_428' title='bbox 2032 4899 2306 4954; x_wconf 81' lang='lat' dir='ltr'><strong>civibus</strong></span> <span class='ocrx_word' id='word_1_429' title='bbox 2342 4898 2603 4954; x_wconf 85' lang='lat' dir='ltr'><strong>Romae.</strong></span> 
     </span>
    </p>
   </div>
   <div class='ocr_carea' id='block_1_16' title="bbox 400 5033 3296 5331">
    <p class='ocr_par' dir='ltr' id='par_1_16' title="bbox 400 5033 3296 5331">
     <span class='ocr_line' id='line_1_41' title="bbox 403 5033 3181 5103; baseline -0.003 0"><span class='ocrx_word' id='word_1_430' title='bbox 403 5040 482 5103; x_wconf 78' lang='lat'><strong>*4</strong></span> <span class='ocrx_word' id='word_1_431' title='bbox 2882 5033 3181 5098; x_wconf 78' lang='lat'><strong><em>741—52</em></strong></span> 
     </span>
     <span class='ocr_line' id='line_1_42' title="bbox 402 5036 3296 5229; baseline -0.004 -17"><span class='ocrx_word' id='word_1_432' title='bbox 402 5147 824 5212; x_wconf 89' lang='lat' dir='ltr'><strong>Zacharias</strong></span> <span class='ocrx_word' id='word_1_433' title='bbox 868 5147 1110 5229; x_wconf 88' lang='lat' dir='ltr'><strong>statuit,</strong></span> <span class='ocrx_word' id='word_1_434' title='bbox 1158 5144 1452 5210; x_wconf 91' lang='lat' dir='ltr'><strong>omnibus</strong></span> <span class='ocrx_word' id='word_1_435' title='bbox 1498 5143 1797 5229; x_wconf 91' lang='lat' dir='ltr'><strong>inopibus</strong></span> <span class='ocrx_word' id='word_1_436' title='bbox 1844 5149 1910 5208; x_wconf 91' lang='lat' dir='ltr'><strong>et</strong></span> <span class='ocrx_word' id='word_1_437' title='bbox 1954 5144 2221 5208; x_wconf 89' lang='lat' dir='ltr'><strong>infirmis</strong></span> <span class='ocrx_word' id='word_1_438' title='bbox 2268 5164 2385 5227; x_wconf 92' lang='lat' dir='ltr'><strong>per</strong></span> <span class='ocrx_word' id='word_1_439' title='bbox 2412 5143 2740 5206; x_wconf 87' lang='lat' dir='ltr'><strong>universas</strong></span> <span class='ocrx_word' id='word_1_440' title='bbox 2771 5036 3070 5224; x_wconf 58' lang='lat' dir='ltr'><strong>reg-iones</strong></span> <span class='ocrx_word' id='word_1_441' title='bbox 3115 5036 3296 5201; x_wconf 73' lang='lat' dir='ltr'><strong>ist)ius</strong></span> 
     </span>
     <span class='ocr_line' id='line_1_43' title="bbox 400 5247 2684 5331; baseline -0.003 -15"><span class='ocrx_word' id='word_1_442' title='bbox 400 5251 738 5317; x_wconf 89' lang='lat' dir='ltr'><strong>Romanae</strong></span> <span class='ocrx_word' id='word_1_443' title='bbox 783 5248 958 5314; x_wconf 90' lang='lat' dir='ltr'><strong>urbis</strong></span> <span class='ocrx_word' id='word_1_444' title='bbox 1003 5251 1363 5314; x_wconf 87' lang='lat' dir='ltr'><strong>constitutis</strong></span> <span class='ocrx_word' id='word_1_445' title='bbox 1408 5249 1858 5314; x_wconf 88' lang='lat' dir='ltr'><strong>alimentorum</strong></span> <span class='ocrx_word' id='word_1_446' title='bbox 1907 5247 2197 5311; x_wconf 88' lang='lat' dir='ltr'><strong>distribui</strong></span> <span class='ocrx_word' id='word_1_447' title='bbox 2245 5247 2684 5331; x_wconf 89' lang='lat' dir='ltr'><strong>elimosynam.</strong></span> 
     </span>
    </p>
   </div>
   <div class='ocr_carea' id='block_1_17' title="bbox 610 5372 3001 5513">
    <p class='ocr_par' dir='ltr' id='par_1_17' title="bbox 610 5372 3001 5513">
     <span class='ocr_line' id='line_1_44' title="bbox 610 5372 3001 5513; baseline -0.003 -80"><span class='ocrx_word' id='word_1_448' title='bbox 610 5378 791 5435; x_wconf 70' lang='lat' dir='ltr'><strong>Lami.</strong></span> <span class='ocrx_word' id='word_1_449' title='bbox 826 5381 891 5433; x_wconf 62' lang='lat' dir='ltr'><strong>in</strong></span> <span class='ocrx_word' id='word_1_450' title='bbox 927 5380 1050 5434; x_wconf 66' lang='lat' dir='ltr'><strong>vita</strong></span> <span class='ocrx_word' id='word_1_451' title='bbox 1086 5378 1383 5433; x_wconf 65' lang='grc' dir='ltr'><em>Ζαειιαήαε</em></span> <span class='ocrx_word' id='word_1_452' title='bbox 1418 5377 1563 5445; x_wconf 62' lang='lat' dir='ltr'><strong><em>(Lib.</em></strong></span> <span class='ocrx_word' id='word_1_453' title='bbox 1593 5378 1797 5447; x_wconf 63' lang='lat' dir='ltr'><strong>pontes.</strong></span> <span class='ocrx_word' id='word_1_454' title='bbox 1836 5375 1916 5431; x_wconf 61' lang='lat' dir='ltr'><strong>aa.</strong></span> <span class='ocrx_word' id='word_1_455' title='bbox 1954 5375 2240 5431; x_wconf 61' lang='lat' dir='ltr'><strong>ouem</strong></span> <span class='ocrx_word' id='word_1_456' title='bbox 2275 5376 2317 5429; x_wconf 88' lang='lat'><em>1</em></span> <span class='ocrx_word' id='word_1_457' title='bbox 2341 5377 2473 5444; x_wconf 80' lang='lat'><strong><em>435).</em></strong></span> <span class='ocrx_word' id='word_1_458' title='bbox 2514 5404 2575 5416; x_wconf 89' lang='lat'>—</span> <span class='ocrx_word' id='word_1_459' title='bbox 2615 5374 2743 5442; x_wconf 69' lang='lat' dir='ltr'><strong>Rey.</strong></span> <span class='ocrx_word' id='word_1_460' title='bbox 2762 5372 3001 5513; x_wconf 47' lang='grc' dir='ltr'>113ὶῖ</span> 
     </span>
    </p>
   </div>
  </div>
 </body>
</html>
