4065 6049
838 529 986 589 Eccl.
1022 549 1064 588 s.
1100 529 1323 602 Cyl-iaci
1358 531 1417 588 in
1456 531 1696 589 thermis
1731 527 2070 587 Diocletiani
2108 561 2175 572 —
2211 528 2361 588 Eccl.
2397 548 2440 587 s.
2476 527 2777 588 Susannae.
3166 537 3242 598 61

362 708 649 774 Guarino
681 706 843 794 (sive
874 707 1153 794 Gavino)
1199 709 1373 774 socio
1404 729 1519 772 suo
1551 713 1770 793 posset
1798 704 2068 772 vacare“
2104 704 2252 792 (JL.
2285 705 2507 792 5443),
2550 706 2768 793 ibique
2793 709 3250 774 monasterium

362 814 633 878 instituit
675 812 764 897 (n.
804 811 887 898 1).
988 812 1381 878 Benedictus
1422 811 1522 877 XI
1580 833 1640 876 a.
1692 812 1854 877 1304
1922 809 2052 876 feb.
2099 814 2182 876 28
2237 812 2578 877 ecclesiam
2632 834 2681 875 s.
2729 811 2981 896 Cyriaci
3026 832 3249 876 mona-

361 919 556 983 sterio
602 940 652 982 s.
684 917 1168 983 Bartholomaei
1217 915 1299 982 de
1345 916 1628 982 Trisulto
1675 921 1742 981 et
1772 915 1977 981 ordini
2010 916 2405 981 cartusiensi
2436 914 2687 981 addixit
2731 914 2840 1001 (cf.
2874 914 3249 999 Grandjean

360 1022 490 1086 Les
521 1022 826 1106 registres
857 1019 939 1086 de
969 1020 1207 1086 Benoit
1232 1020 1331 1086 XI
1360 1043 1423 1106 p.
1458 1024 1581 1085 427
1615 1042 1675 1084 n.
1709 1023 1869 1096 6683
1915 1020 2012 1084 Le
2046 1019 2367 1085 Couteulx
2396 1019 2562 1088 Ann.
2595 1018 2731 1084 ord.
2767 1019 3121 1085 Cartusien.
3152 1020 3249 1085 IV

361 1125 534 1210 511).
625 1124 781 1189 Pius
810 1124 941 1189 VII
988 1124 1266 1211 denique
1321 1145 1378 1189 a.
1432 1126 1588 1190 1801
1641 1123 1752 1188 iul.
1799 1126 1880 1187 24
1937 1122 2101 1187 duas
2158 1122 2384 1188 domos
2439 1122 2690 1190 Romae
2748 1130 2817 1187 et
2869 1123 3130 1189 Trisulti
3184 1125 3250 1187 in

359 1250 551 1294 unam
606 1230 859 1312 uniens,
917 1228 1279 1294 Romanam
1325 1227 1704 1293 Trisultensi
1752 1228 2185 1312 incorporavit
2229 1227 2493 1315 eiusque
2537 1228 2818 1313 priorem
2870 1227 3250 1293 Trisultensi

358 1331 579 1397 abbati
620 1331 909 1398 subiecit.
991 1332 1244 1397 Titulus
1273 1369 1357 1379 —
1388 1330 1586 1399 refert
1612 1331 1962 1397 Panvinius
1990 1370 2097 1416 —-,
2143 1351 2288 1396 cum
2333 1352 2489 1416 prae
2520 1338 2841 1398 vetustate
2886 1333 3247 1417 corruisset,

361 1458 441 1502 eo
510 1437 753 1523 templo
818 1438 957 1504 solo
1025 1442 1339 1524 aequato,
1407 1459 1448 1502 a
1505 1435 1688 1502 Sixto
1733 1436 1829 1502 IV
1896 1436 1980 1502 ad
2042 1437 2384 1502 ecclesiam
2438 1458 2520 1500 ss.
2568 1436 2808 1512 Quirici
2869 1443 2936 1502 et
2987 1435 3248 1501 lulittae

360 1541 704 1607 translatus
782 1549 900 1607 est.
1012 1540 1305 1628 vestigia
1387 1542 1701 1608 ecclesiae
1782 1542 2086 1627 antiquae
2161 1540 2323 1605 vidit
2385 1541 2732 1605 Martinelli
2801 1540 2890 1627 (p.
2962 1539 3116 1624 354)
3183 1542 3249 1604 in

355 1646 545 1710 vinea
590 1646 1050 1711 monachorum
1095 1645 1642 1711 Cartusianorum.
1733 1644 2035 1711 Graviter
2079 1651 2251 1710 errat
2279 1643 2590 1711 Mabillon
2636 1643 2830 1730 (Anu.
2878 1645 3125 1710 Bened.
3155 1644 3182 1684 ²
3213 1644 3248 1709 Ι

355 1750 532 1836 244),
580 1749 975 1816 confimdens
1018 1774 1068 1815 s.
1102 1750 1354 1834 Cyriaci
1393 1751 1849 1815 monasterium
1879 1771 2023 1815 cum
2055 1750 2443 1815 monasterio
2475 1749 2848 1814 monialium
2880 1771 2961 1814 ss.
2994 1748 3244 1815 Nicolai

354 1859 424 1919 et
468 1852 721 1939 Cyfiaci
767 1854 832 1918 in
877 1853 1004 1919 Via
1056 1854 1192 1921 lata
1236 1854 1346 1940 (cf.
1393 1854 1664 1921 Galletti
1707 1854 1834 1921 Del
1877 1855 2221 1941 primicero
2266 1877 2329 1940 p.
2369 1852 2539 1940 147).

570 2044 824 2131 Pauca,
883 2067 1049 2132 quae
1096 2054 1440 2133 supersunt
1484 2068 1568 2112 ex
1612 2046 1872 2112 archivo
1928 2046 2245 2113 ecclesiae
2303 2069 2353 2110 s.
2400 2044 2682 2131 Gyriaci,
2730 2047 3117 2112 transierunt
3159 2045 3245 2110 ad

352 2148 683 2214 archivum
730 2150 1253 2217 cartusianorum
1300 2152 1367 2215 in
1410 2150 1673 2216 abbatia
1718 2151 2097 2217 Trisultensi
2143 2148 2254 2236 (cf.
2293 2148 2471 2215 (ἔδει.
2504 2148 2739 2215 Nachr.
2778 2153 2944 2216 1900
2970 2172 3035 2236 p.
3069 2149 3243 2236 300).

560 2320 617 2377 Β
670 2345 735 2369 =
773 2321 908 2394 Cop.
944 2341 987 2379 s.
1024 2322 1131 2379 XII
1168 2321 1403 2380 Trisulti
1442 2322 1606 2379 Arch.
1644 2321 1938 2380 abbaziale
1974 2322 2035 2378 di
2070 2321 2123 2377 S.
2161 2321 2529 2379 Bartolomeo.

350 2512 428 2576 *1
2870 2514 2910 2576 9
2961 2551 3032 2562 -
3086 2515 3126 2573 9

349 2615 707 2681 Urbanus
751 2616 820 2680 ΙΙ
871 2618 1150 2703 propriis
1195 2618 1489 2683 manibus
1533 2625 1869 2684 consecrat
1912 2619 2371 2684 monasterium
2417 2625 2485 2684 et
2528 2514 2867 2683 nonnulli?
2893 2516 3244 2704 plrivi9leggiis

349 2726 416 2785 et
457 2719 862 2786 libertatibus
907 2720 1106 2786 dotat.

555 2849 740 2905 Laud.
764 2849 828 2903 in
851 2849 1068 2906 Nicolm‘
1095 2851 1200 2907 111
1217 2851 1367 2907 bulla
1389 2869 1439 2906 a.
1466 2857 1594 2907 1278
1614 2851 1777 2922 april.
1807 2857 1875 2906 27
1896 2850 2048 2921 (Περ.
2090 2850 2210 2906 Vat.
2236 2856 2273 2907 t.
2298 2856 2370 2907 39
2390 2851 2434 2917 f.
2464 2859 2557 2908 150
2577 2868 2632 2907 π.
2659 2853 2760 2921 97).
2786 2880 2853 2892 -
2880 2850 3004 2921 Rcy.
3028 2849 3137 2908 JL.
3157 2879 3239 2906 —.

346 3042 393 3105 2
2463 3043 2664 3110 'rivoli
2708 3045 2880 3108 1099
2925 3049 3038 3110 oct.
3073 3046 3158 3108 18

348 3143 715 3211 Clemens
758 3147 864 3213 III
910 3147 1307 3234 (Wae‘bertus)
1353 3149 1717 3234 confirmat,
1761 3150 2059 3216 Romano
2106 3148 2317 3235 presb.
2363 3148 2537 3214 card.
2582 3155 2879 3235 petente,
2926 3149 3243 3214 ecclesiae

349 3250 440 3315 tit.
475 3249 537 3315 b.
567 3249 821 3336 Cyriaci
853 3255 1033 3319 iuxta
1063 3253 1348 3319 thermas
1375 3254 1765 3319 Diocletiani
1797 3274 2020 3318 omnes
2065 3275 2170 3319 res
2201 3260 2269 3318 et
2297 3254 2757 3339 possessiones.
2791 3292 2874 3301 -
2921 3251 3100 3317 Sicut
3142 3253 3239 3316 in-

350 3353 611 3439 dignum
681 3363 799 3422 est.
912 3356 1166 3424 Subscr.
1228 3362 1305 3424 13
1361 3358 1532 3423 card.
1578 3358 1728 3424 Dat.
1775 3358 2015 3423 Tibure
2060 3379 2124 3443 p.
2184 3379 2268 3422 m.
2338 3356 2651 3422 Gnidonis
2719 3356 3083 3424 Ferrarien.
3132 3377 3237 3441 ep.

348 3459 486 3523 vice
532 3480 707 3525 canc.
756 3467 825 3526 et
867 3460 1044 3547 bibl.‚
1089 3484 1148 3527 a.
1194 3461 1278 3526 ab
1322 3463 1444 3527 inc.
1492 3461 1641 3528 Chr.
1695 3466 1879 3547 1099,
1930 3467 2007 3527 15
2032 3460 2165 3527 kal.
2211 3481 2378 3546 nov.,
2425 3460 2554 3526 ind.
2604 3466 2661 3525 7.

552 3587 622 3644 B.
647 3618 715 3630 —
752 3587 861 3643 Ed.
899 3588 1046 3644 Kelu-
1075 3590 1141 3642 in
1175 3590 1336 3646 Arch.
1372 3590 1511 3646 della
1544 3590 1661 3647 Soc.
1701 3590 1852 3647 Rom.
1880 3590 2120 3645 XXIII
2171 3591 2357 3660 (1900)
2392 3595 2498 3645 282
2533 3605 2601 3644 ex
2636 3590 2701 3644 Β.
2747 3620 2815 3629 -
2866 3589 2994 3659 Περ.
3018 3589 3137 3646 JL.
3178 3620 3246 3629 —

1362 3936 1684 4005 Ecclesla
1727 3955 1785 4006 s.
1830 3934 2215 4007 susannae.

1518 4059 1727 4130 (sma
1761 4058 2054 4128 susanna.)

551 4193 828 4266 Ugonio
878 4194 915 4251 s.
955 4194 1056 4252 190
1078 4213 1160 4266 sq.
1196 4226 1261 4237 —
1300 4194 1360 4250 P.
1386 4193 1672 4251 Fulvius
1707 4193 1940 4252 Ritunm
1974 4212 2259 4252 sacrarum
2295 4194 2719 4252 cerimoniarum
2756 4212 2877 4252 ven.
2912 4195 3239 4253 monasterii

346 4284 404 4336 et
461 4280 690 4352 collegii
737 4300 783 4336 s.
819 4280 1090 4337 Bernardi
1134 4281 1193 4336 in
1228 4300 1271 4337 s.
1296 4281 1550 4337 Susanna
1601 4281 1671 4337 de
1717 4281 1866 4338 Urbe
1916 4281 2241 4339 Cistercien.
2286 4283 2402 4339 ord.
2446 4283 2576 4340 libri
2613 4283 2648 4338 3
2693 4283 2923 4352 (Romae
2963 4283 3134 4352 1595).
3170 4313 3240 4322 —

360 4367 418 4422 P.
443 4366 730 4423 Fulvius
765 4367 1109 4439 compendio
1155 4367 1246 4423 del
1283 4368 1489 4424 celeste
1526 4386 1558 4424 e
1592 4366 1786 4424 divino
1820 4372 2003 4425 toeoro
2041 4369 2188 4426 delle
2224 4369 2557 4442 indulgente
2592 4369 2800 4426 indulti
2836 4368 3023 4441 gratie
3059 4368 3239 4425 favori

357 4452 632 4510 eeenzioni
669 4472 700 4510 e
735 4452 1000 4527 privilegi
1038 4453 1284 4511 concessi
1321 4454 1417 4510 dai
1455 4453 1651 4509 sommi
1688 4454 1951 4527 pontefici
2001 4456 2061 4511 al
2105 4460 2420 4514 monastero
2464 4456 2523 4513 di
2558 4457 2612 4512 S.
2648 4456 2930 4513 Bernardo
2965 4454 3023 4510 di
3064 4455 3240 4510 Roma

345 4539 488 4609 (Non
527 4540 683 4610 vidi.)
719 4570 787 4581 —
822 4540 1190 4599 Panciroli
1231 4544 1321 4613 ¹p.
1350 4541 1567 4612 7872q.;
1610 4542 1937 4613 ¹p.334sq.
1973 4570 2041 4582 —-
2087 4542 2489 4600 Martinelli
2538 4561 2594 4615 p.
2614 4544 2733 4599 310.
2778 4572 2846 4583 —
2891 4540 3237 4613 Ciampini

347 4626 470 4683 Vet.
506 4645 652 4684 mon.
691 4628 744 4683 11
784 4628 883 4684 138
906 4646 988 4698 sq.
1025 4658 1093 4669 —
1135 4627 1383 4684 Piazza
1418 4627 1601 4699 p.462
1625 4646 1708 4699 sq.
1753 4658 1820 4669 —
1869 4627 2098 4698 Nibby
2134 4630 2159 4684 1
2194 4629 2299 4685 732
2322 4648 2403 4700 sq.
2444 4661 2506 4670 —
2553 4630 2877 4686 Forcella
2911 4629 2994 4684 IX
3028 4629 3126 4684 531
3155 4646 3236 4698 sq.

346 4743 408 4753 —
445 4712 772 4771 Adinolfi
807 4714 861 4770 11
897 4714 1105 4785 3280q.
1141 4745 1206 4756 —
1244 4714 1608 4771 Armellini
1651 4716 1668 4750 ²
1694 4732 1747 4786 p.
1774 4714 1906 4784 637;
1946 4719 2049 4787 ¹p.
2075 4716 2192 4773 187.
2218 4746 2283 4757 —
2320 4716 2673 4773 Marucchi
2708 4734 2762 4788 p.
2789 4716 2985 4785 380sq.

563 4890 813 4956 Titulus
878 4889 1027 4957 Gaii
1079 4910 1196 4956 seu
1250 4889 1615 4974 Susannae‚
1682 4891 1747 4955 in
1817 4891 2083 4977 regione
2131 4898 2358 4979 quarta
2428 4892 2515 4957 ad
2568 4891 2728 4957 duas
2782 4891 3037 4977 domos,
3104 4891 3234 4956 iam

347 5001 740 5062 memoratur
790 5016 960 5061 saec.
993 4993 1056 5061 V
1112 5015 1216 5061 ex.
1273 4994 1385 5081 (cf.
1432 4994 1784 5061 Duchesne
1828 4995 1906 5082 ⁸in
1951 4995 2290 5083 Melanges
2319 4996 2452 5061 VII
2501 4995 2680 5082 223).
2790 4996 2851 5060 A
2906 4994 3133 5081 Sergio
3178 4994 3233 5079 Ι,

350 5100 454 5184 qui
498 5098 622 5164 fuit
651 5098 989 5185 presbyter
1019 5098 1184 5165 tituli
1216 5097 1429 5182 huius,
1477 5098 1754 5164 ecelesia
1784 5104 2012 5164 ornata
2044 5105 2112 5164 et
2141 5099 2357 5165 multis
2387 5099 2897 5186 possessionibus
2926 5101 3235 5164 instructa

348 5211 444 5269 est
500 5203 675 5290 (Lib.
719 5205 945 5290 pontif.
995 5202 1098 5268 ed.
1143 5201 1491 5267 Duchesne
1538 5201 1570 5265 I
1618 5206 1741 5268 375
1755 5226 1772 5280 ;
1838 5191 2199 5270 Mommsen
2251 5227 2316 5291 p.
2357 5204 2531 5289 215).
2643 5204 2839 5270 Cuius
2898 5202 3236 5289 presbyter

351 5305 465 5373 fuit
508 5311 704 5376 etiam
749 5311 884 5376 Leo
923 5311 1049 5396 ΙΙΙ,
1096 5312 1206 5397 qui
1251 5328 1397 5376 eam
1441 5326 1483 5371 a
1526 5305 1960 5373 fundamentis
1989 5311 2375 5374 restauravit
2401 5308 2745 5394 multisque
2778 5307 2962 5373 donis
3006 5307 3234 5373 ditavit
