4065 6049
878 434 998 495 124
2229 427 2421 482 Roma.

873 603 956 666 *3
3323 601 3677 684 (817—24)

873 709 1273 774 Paschalis
1329 710 1360 773 I
1426 709 1828 793 „construxit
1879 708 2338 772 monasterium
2397 707 2461 769 in
2519 706 2764 770 honore
2824 727 2905 769 ss.
2959 707 3261 790 Agathae
3319 714 3385 772 et
3438 706 3766 771 Caeciliae

873 815 1053 878 iuxta
1116 815 1314 899 ipsius
1376 812 1714 879 ecclesiam
1765 812 1831 875 in
1875 812 2017 875 loco
2067 834 2128 897 q.
2177 810 2236 874 d.
2285 809 2503 876 Colles
2547 811 2862 893 iacentes,
2908 810 2972 873 in
3019 832 3145 896 quo
3193 816 3260 875 et
3303 811 3767 876 monachorum

875 966 891 981 .
926 969 940 983 .
989 919 1555 1005 congregationem
1599 937 1717 1000 pro
1765 914 2153 1000 quotidianis
2196 913 2494 980 laudibus
2540 915 2605 977 in
2634 914 2930 999 praefato
2978 914 3162 979 titulo
3208 937 3257 979 s.
3292 916 3617 982 Caeciliae
3657 916 3769 981 die

874 1029 1193 1109 noctuque
1240 1072 1256 1087 .
1292 1073 1308 1088 .
1355 1019 1772 1087 decantandis
1818 1020 2163 1099 constituit.
2251 1017 2338 1083 Et
2381 1040 2499 1102 pro
2539 1018 2822 1082 subsidio
2869 1025 2937 1084 et
2979 1019 3460 1086 luminariorum
3508 1020 3759 1085 concin-

873 1128 1133 1192 natione
1188 1148 1302 1191 seu
1359 1126 1634 1190 utilitate
1697 1130 1892 1209 atque
1956 1122 2291 1208 stipendiis
2348 1122 2809 1187 monachorum
2856 1173 2873 1192 .
2908 1173 2923 1188 .
2970 1123 3291 1209 hospitale
3347 1148 3397 1190 s.
3429 1125 3766 1208 Peregrini

873 1252 1010 1315 pos.
1059 1230 1144 1294 ad
1188 1230 1249 1295 b.
1282 1231 1550 1295 Petrum
1596 1232 1801 1313 apost.
1851 1228 1916 1290 in
1959 1227 2105 1291 loco
2154 1249 2214 1312 q.
2246 1247 2305 1290 v.
2337 1226 2742 1291 Naumachia
2787 1274 2803 1290 .
2839 1277 2853 1291 .
2902 1248 3046 1291 cum
3094 1228 3308 1293 fundis
3353 1235 3421 1294 et
3450 1227 3770 1293 casalibus

875 1341 1070 1419 atque
1129 1332 1358 1397 massis
1416 1353 1531 1397 seu
1589 1333 1786 1397 etiam
1832 1332 2075 1396 colonis
2121 1333 2254 1397 sive
2315 1330 2610 1395 domibus
2665 1351 2784 1395 nec
2845 1353 2971 1395 non
3018 1331 3278 1397 familiis
3324 1338 3391 1398 et
3433 1332 3766 1413 universis,

878 1459 1046 1523 quae
1092 1437 1255 1502 iuste
1288 1442 1356 1501 et
1393 1434 1860 1501 rationabiliter
1904 1434 2256 1500 secundum
2301 1434 2521 1519 legum
2566 1439 2807 1499 statuta
2853 1438 2984 1499 tam
3031 1437 3145 1518 eis,
3190 1458 3357 1523 quae
3403 1459 3443 1501 a
3487 1434 3766 1521 praede·

874 1561 1126 1605 cessore
1182 1562 1296 1603 suo
1343 1537 1595 1624 (Leone
1641 1538 1776 1625 III)
1834 1540 1899 1603 in
1943 1540 2073 1603 iam
2120 1538 2255 1603 fato
2309 1538 2630 1622 hospitale
2677 1538 2916 1604 donata
2969 1546 3144 1622 sunt,
3201 1562 3394 1627 quam
3454 1561 3620 1626 quae
3682 1539 3768 1603 ab

875 1645 1016 1729 ipso
1075 1646 1187 1729 pia
1245 1645 1587 1709 devotione
1644 1643 1729 1708 ad
1773 1649 2191 1729 augmentum
2236 1644 2365 1707 iam
2411 1642 2563 1707 dicti
2608 1645 2979 1708 monasterii
3034 1644 3338 1710 adiuncta
3394 1649 3569 1727 sunt,
3631 1645 3769 1708 sive

874 1750 1047 1833 agris
1102 1748 1206 1813 vel
1262 1748 1497 1832 vineis,
1557 1748 1753 1812 etiam
1809 1746 2105 1811 domibus
2159 1767 2459 1812 necnon
2518 1747 2755 1811 rustica
2814 1746 3094 1833 familia,
3157 1769 3313 1813 suae
3366 1747 3771 1812 auctoritatis

874 1853 1112 1937 pagina
1154 1874 1272 1936 pro
1317 1852 1447 1916 iam
1503 1852 1833 1916 nominata
1885 1850 2347 1915 monachorum
2405 1850 2907 1935 congregatione
2965 1851 3030 1915 in
3094 1850 3328 1917 eodem
3374 1851 3770 1916 monasterio

881 1955 1344 2021 confirmavit“.

1079 2073 1260 2130 Laud.
1299 2074 1361 2128 in
1396 2073 1517 2128 Vita
1553 2073 1835 2129 Paschalis
1861 2072 1902 2128 Ι
1930 2073 2074 2141 (Lib.
2102 2073 2303 2141 pontis.
2338 2071 2418 2127 ed.
2455 2071 2744 2127 Duchesne
2780 2072 2854 2125 ΙΙ
2879 2075 2979 2137 57).
3021 2102 3082 2112 -—
3122 2072 3251 2142 Ray.
3286 2073 3399 2129 JE.
3441 2105 3523 2129 —.

872 2235 914 2294 4
3256 2235 3428 2295 1080
3472 2232 3607 2298 iun.
3640 2238 3684 2295 3

873 2335 1299 2420 Gregorius
1328 2334 1461 2401 VH
1506 2334 1764 2400 dedicat
1808 2336 2013 2400 altare
2061 2337 2125 2399 in
2172 2336 2463 2401 ecclesia.

1086 2455 1290 2509 Tabula
1324 2456 1388 2509 in
1421 2455 1652 2510 ecclesia.
1727 2454 1775 2510 C
1801 2456 1844 2522 f.
1869 2457 2002 2511 308⁴.
2046 2486 2105 2495 —
2145 2455 2285 2512 Edd.
2312 2455 2580 2510 Laderchi
2616 2456 2689 2510 11
2722 2464 2783 2510 17
2814 2455 2931 2524 (qui
2958 2456 3179 2524 praebet
3214 2456 3287 2512 M
3291 2456 3549 2523 LXXV).
3629 2456 3777 2511 For-

872 2544 1009 2598 cella
1044 2542 1122 2597 ΙΙ
1141 2551 1202 2598 19
1235 2559 1290 2598 π.
1320 2549 1404 2597 56.
1475 2541 1727 2598 Bondim‘
1757 2559 1811 2610 p.
1841 2548 1947 2597 129.
1986 2575 2051 2583 —
2094 2543 2220 2613 1³09.
2258 2543 2375 2600 JL.
2414 2543 2458 2597 Ι
2483 2560 2537 2612 p.
2561 2549 2672 2598 636.

1863 2879 2188 2947 Ecclesia
2232 2896 2289 2947 s.
2320 2877 2784 2965 Chrysogoni.

2056 3000 2200 3069 (San
2239 3000 2580 3074 Crisogono.)

1076 3140 1340 3211 Ugonio
1377 3142 1628 3210 s.280sq.
1669 3172 1729 3180 —-
1769 3142 2123 3198 Panciroli
2167 3144 2501 3212 ¹p.2922q.;
2540 3144 2859 3212 ²p.600sq.
2900 3172 2963 3181 —
3001 3139 3343 3197 Severano
3380 3142 3665 3212 p.3l2sq.
3706 3172 3775 3180 —

871 3227 1259 3283 Martinelli
1293 3246 1350 3298 p.
1373 3228 1458 3282 89.
1483 3257 1550 3267 —
1579 3227 1806 3282 Lubin
1831 3247 1885 3299 p.
1911 3229 2029 3285 344.
2058 3261 2111 3269 --
2151 3227 2400 3284 Piazza
2427 3247 2481 3299 p.
2507 3230 2609 3284 376
2628 3248 2709 3297 sq.
2738 3259 2801 3267 —
2836 3229 3029 3283 Franc.
3056 3228 3479 3284 Cancellieri
3505 3229 3776 3284 Memoria

875 3315 1005 3370 dell'
1043 3313 1346 3384 immagine
1382 3314 1439 3368 di
1477 3314 1529 3368 S.
1556 3314 1629 3368 Μ.
1655 3314 1802 3369 delle
1841 3314 2038 3371 Grazie
2075 3315 2342 3371 esistente
2379 3315 2437 3370 in
2483 3315 2533 3369 S.
2572 3316 2874 3386 Crisogono
2911 3334 2940 3370 e
2989 3313 3197 3370 notizie
3233 3315 3292 3370 di
3329 3318 3529 3383 questa
3566 3315 3775 3378 chiesa,

874 3422 917 3456 ε.
943 3401 1153 3466 XVIII,
1203 3399 1263 3455 in
1311 3401 1428 3455 cod.
1455 3401 1586 3456 Vat.
1623 3401 1725 3456 lat.
1763 3401 1918 3457 9191.
1982 3432 2050 3442 —-
2108 3401 2264 3457 Giae.
2302 3401 2616 3471 Pouyard
2652 3402 2914 3458 Memoris
2951 3400 3194 3458 storiche
3242 3401 3395 3457 della
3441 3401 3675 3457 basilica
3713 3401 3774 3456 di
3894 3395 3901 3400 ’

873 3489 925 3542 S.
953 3487 1254 3559 Crisogono
1292 3486 1351 3541 in
1385 3486 1729 3552 Trastevere,
1767 3506 1864 3542 ms·
1903 3488 1961 3542 in
1998 3489 2231 3544 archivo
2268 3489 2384 3544 ord.
2412 3487 2770 3545 Carmelitan.
2808 3489 2878 3544 de
2913 3488 3286 3544 observantia
3322 3488 3469 3556 (Non
3507 3488 3665 3555 vidi).
3704 3519 3774 3528 —

873 3574 1116 3644 Nibby
1170 3574 1194 3627 I
1240 3576 1442 3642 190sq.
1501 3603 1566 3612 —
1628 3574 1941 3631 Forcella
1993 3575 2049 3629 11
2097 3575 2196 3631 169
2221 3593 2300 3644 sq.
2364 3605 2427 3613 —
2490 3574 2859 3629 Armellini
2900 3578 2994 3645 ¹p.
3030 3574 3258 3645 2023q.;
3314 3577 3410 3646 ¹p.
3444 3575 3548 3630 686
3574 3593 3658 3644 sq.
3709 3604 3769 3612 -—

873 3660 1232 3717 Marucchi
1270 3679 1324 3731 p.
1351 3660 1554 3730 452sq.

1089 3837 1340 3902 Titulus
1386 3860 1434 3900 s.
1470 3835 1871 3923 Chrysogoni
1903 3837 2365 3903 Transtiberim
2418 3839 2547 3903 iam
2589 3845 2986 3904 memoratur
3030 3860 3088 3903 a.
3123 3841 3248 3901 499
3283 3836 3394 3922 (cf.
3426 3836 3772 3901 Duchesne

873 3944 936 4006 in
983 3941 1318 4024 Melanges
1349 3940 1481 4005 VII
1512 3938 1687 4025 227).
1778 3941 2070 4006 Ecclesia
2124 3943 2245 4006 fuit
2307 3948 2666 4007 restaurata
2719 3964 2758 4007 a
2806 3941 3123 4027 Gregorio
3160 3941 3266 4004 III
3325 3939 3496 4025 (Lib.
3544 3939 3770 4024 pontif.

875 4046 978 4110 ed.
1023 4045 1369 4110 Duchesne
1414 4044 1447 4109 1
1493 4047 1643 4125 418)
1692 4051 1758 4109 et
1804 4045 2006 4110 ditata
2052 4067 2093 4110 a
2136 4047 2359 4110 Leone
2392 4046 2496 4109 111
2541 4044 2610 4131 (l.
2647 4068 2700 4111 c.
2754 4047 2822 4110 II
2879 4048 2972 4110 12.
3022 4044 3164 4132 21),
3227 4066 3267 4109 a
3312 4043 3629 4130 Gregorio
3675 4044 3771 4108 IV

874 4149 944 4234 (l.
979 4171 1033 4218 c.
1066 4149 1136 4212 ΙΙ
1170 4147 1299 4234 77),
1346 4169 1386 4212 a
1430 4147 1785 4214 Benedicto
1830 4149 1935 4212 ΠΙ
1979 4147 2049 4233 (l.
2077 4170 2129 4213 c.
2162 4149 2231 4213 H
2270 4148 2437 4235 145).
2528 4150 2738 4214 Huius
2783 4151 2951 4215 tituli
2996 4148 3210 4236 presb.
3246 4149 3418 4215 card.
3450 4149 3773 4213 Iohannes

875 4254 958 4318 de
990 4254 1225 4318 Crema
1255 4251 1346 4316 ibi
1378 4253 1727 4318 oratorium
1760 4274 1905 4317 cum
1937 4254 2215 4318 claustro
2250 4254 2626 4338 construxit,
2674 4253 2847 4339 quod
2879 4277 2935 4319 a.
2970 4257 3131 4320 1123
3164 4254 3274 4318 iul.
3303 4256 3340 4318 8
3375 4252 3772 4318 sollemniter

873 4379 915 4421 a
943 4357 1142 4422 Petro
1174 4357 1502 4439 Portuen.,
1535 4357 1734 4422 Vitali
1766 4355 2085 4421 Albanen.
2135 4363 2202 4421 et
2247 4356 2572 4422 Guilelmo
2605 4358 3026 4423 Praenestino
3075 4358 3393 4442 episcopis
3440 4356 3774 4421 dedicatur

876 4461 984 4545 (cf.
1020 4461 1305 4525 tabulam
1352 4483 1454 4546 ap.
1489 4461 1785 4526 Forcella
1830 4462 1898 4525 ΙΙ
1955 4464 2069 4525 169
2115 4483 2176 4530 n.
2209 4466 2352 4527 486.
2389 4466 2543 4538 487;
2590 4462 2918 4527 Marucchi
2962 4484 3025 4546 p.
3058 4460 3234 4546 455).
3310 4460 3772 4526 Monasterium

880 4571 1120 4649 autem,
1169 4565 1339 4649 quod
1386 4564 1738 4650 Gregorius
1770 4564 1876 4628 ΠΙ
1920 4564 2038 4628 sub
2085 4567 2342 4630 nomine
2389 4588 2469 4630 ss.
2502 4566 2833 4651 Stephani,
2879 4565 3213 4631 Laurentii
3260 4571 3328 4629 et
3372 4563 3775 4650 Chrysogoni

874 4669 1047 4755 apud
1095 4669 1436 4734 ecclesiam
1484 4670 1721 4752 erexit,
1778 4677 1850 4734 ut
1906 4669 2205 4734 monachi
2259 4670 2325 4732 in
2383 4669 2615 4734 eadem
2662 4669 2935 4734 ecclesia
2980 4669 3195 4733 divina
3241 4669 3455 4733 officia
3499 4667 3774 4732 admini-

875 4781 1153 4839 strarent
1220 4773 1314 4858 (n.
1355 4774 1455 4859 1),
1523 4773 1926 4839 incoluerunt
1991 4775 2200 4858 primo
2268 4773 2567 4838 monachi
2635 4773 2770 4838 ord.
2835 4796 2885 4837 s.
2945 4773 3310 4856 Benedicti,
3380 4774 3547 4838 inter
3613 4792 3778 4857 quos

875 4878 1240 4963 Stephanus
1284 4884 1512 4962 postea
1555 4898 1729 4962 papa
1775 4877 1879 4941 III
1923 4875 2092 4961 (Lib.
2126 4878 2353 4962 pontif.
2397 4877 2499 4943 ed.
2541 4877 2885 4942 Duchesne
2916 4877 2949 4942 Ι
2980 4877 3156 4963 468),
3204 4876 3436 4942 deinde
3485 4874 3776 4940 canonici

878 4982 1208 5066 regulares
1267 4981 1775 5064 Lateranenses‚
1842 4981 1992 5047 inde
2062 4980 2144 5044 ab
2213 5002 2270 5045 a.
2324 4985 2486 5045 1480
2553 4981 2854 5045 monachi
2923 4979 3361 5046 Carmelitani.
3474 4979 3630 5044 Pius
3674 4977 3779 5042 IX

877 5087 1191 5150 concessit
1237 5085 1576 5149 ecclesiam
1621 5085 1952 5149 monachis
1997 5084 2385 5169 Trinitariis,
2449 5085 2816 5151 Carmelitis
2873 5084 2956 5150 ad
3002 5107 3049 5148 s.
3082 5085 3357 5150 Mariam
3404 5082 3777 5168 Transpon-

877 5190 1078 5255 tinam
1141 5189 1486 5256 translatis.
1577 5188 1696 5252 Est
1738 5189 1950 5254 adhuc
1993 5189 2215 5254 titulus
2259 5188 2735 5275 presbyteralis.
