4065 6049
659 405 679 463 1
703 402 779 464 18
2001 395 2196 452 Roma.

1242 743 1753 813 monasterinm
1802 760 1858 810 s.
1892 741 2120 811 Sabae
2162 742 2240 809 in
2288 742 2533 810 monte
2577 741 2952 811 Aventino.

1907 882 2049 950 (San
2087 880 2271 951 Saba)

861 1023 1214 1080 Panciroli
1258 1023 1498 1093 ¹p.734;
1539 1025 1635 1093 ¹p.
1655 1022 1773 1078 682.
1799 1050 1866 1062 —
1891 1022 2229 1079 Severano
2267 1042 2321 1093 p.
2345 1024 2464 1078 378.
2495 1055 2558 1063 —
2587 1021 2975 1079 Martinelli
3013 1041 3068 1093 p.
3087 1023 3206 1079 295.
3232 1054 3297 1063 —
3324 1023 3549 1079 Lubin

655 1133 710 1183 p.
734 1114 855 1167 329.
895 1142 958 1151 —
1012 1109 1481 1166 Crescimbeni
1517 1108 1777 1165 L'istoria
1812 1108 1869 1164 di
1908 1108 1960 1163 S.
1986 1109 2167 1164 Maria
2203 1108 2261 1164 in
2300 1108 2595 1166 Cosmedin
2632 1128 2687 1179 p.
2711 1110 2830 1165 370.
2866 1139 2934 1149 —
2984 1108 3225 1178 Nibby
3261 1113 3289 1167 1
3324 1112 3441 1167 688.
3484 1142 3548 1151 -

656 1198 971 1255 Forcella
1009 1197 1110 1250 Xu
1155 1197 1351 1264 133sq.
1403 1225 1467 1234 -
1522 1193 1885 1249 Armellini
1927 1198 2021 1264 ¹p.
2048 1196 2173 1259 581;
2213 1198 2308 1265 ¹p.
2334 1196 2454 1251 589.
2505 1227 2570 1235 —
2626 1196 2690 1250 A.
2727 1195 3177 1252 Steinhuber
3212 1197 3549 1254 Geschichte

656 1285 752 1339 des
789 1281 1101 1352 Collegium
1139 1279 1964 1349 Germanicum-Hungaricum
2004 1281 2297 1351 (Freiburg
2332 1281 2368 1335 i.
2398 1282 2482 1335 Br.
2514 1282 2667 1349 1895)
2704 1284 2729 1337 1
2771 1283 2870 1337 104
2888 1301 2967 1351 sq.
3007 1312 3073 1321 —
3111 1284 3174 1337 A.
3201 1283 3549 1338 Bachofen

656 1371 714 1425 in
750 1370 982 1424 Studien
1031 1368 1145 1423 und
1183 1366 1583 1437 Mitteilungen
1631 1384 1732 1421 aus
1780 1366 1907 1420 dem
1942 1367 2367 1423 Benedictiner-
2427 1369 2539 1423 und
2585 1369 2710 1424 dem
2748 1368 3377 1425 cistercienser-Orden
3412 1370 3550 1424 XIX

657 1457 835 1523 (1898)
860 1457 963 1511 462
982 1471 1062 1523 sq.
1100 1484 1166 1493 —
1205 1453 1272 1507 H.
1297 1453 1532 1508 Grisar
1568 1453 1625 1506 in
1652 1452 1866 1507 Civilta
1890 1453 2174 1509 Cattolica
2201 1456 2349 1518 1901,
2375 1455 2425 1509 2.
2451 1456 2508 1519 3;
2552 1455 2701 1519 1902,
2725 1457 2785 1520 5;
2824 1456 2974 1521 1905,
3001 1456 3051 1512 8.
3089 1486 3157 1496 -
3193 1457 3548 1513 Marucchi

657 1561 711 1612 p.
741 1544 933 1611 176sq.
971 1572 1037 1581 -
1075 1540 1363 1611 Wilpert
1399 1538 1456 1594 in
1494 1539 1781 1610 Melanges
1816 1539 2001 1594 XXVI
2042 1541 2221 1617 (1906)
2262 1543 2326 1595 15
2346 1559 2425 1611 sq.

873 1715 937 1779 S.
993 1713 1204 1780 Sabae
1269 1713 1728 1777 monasterium
1808 1734 1885 1796 „a
1953 1713 2352 1798 temporibus
2419 1713 2773 1780 beatissimi
2840 1736 3050 1800 papae
3121 1713 3419 1802 Gregorii
3485 1718 3547 1780 in

658 1820 967 1905 religione
1027 1826 1093 1884 ct
1149 1819 1488 1883 honestate
1547 1816 1880 1880 fundatum
1927 1824 2123 1902 atque
2170 1821 2419 1904 magnis
2465 1826 2531 1884 et
2588 1819 2998 1904 amplissimis
3042 1819 3551 1905 possessionibus

659 1926 929 1989 ditatum
979 1921 1238 2006 fuisse“,
1284 1922 1521 1985 Lucius
1552 1920 1620 1983 II
1666 1922 1893 1985 asserit
1939 1923 2027 2004 (n.
2065 1922 2152 2007 3).
2241 1922 2326 1986 Et
2372 1923 2692 1988 Iohannes
2748 1923 2909 1988 diac.
2958 1925 3023 1987 in
3053 1924 3206 1988 Vita
3254 1923 3550 2010 Gregorii

659 2031 746 2094 Μ.
796 2028 931 2113 (lib.
965 2027 998 2090 I
1044 2049 1096 2092 c.
1139 2024 1200 2112 1)
1256 2032 1505 2108 narrat,
1568 2024 1832 2089 Silviam
1887 2032 2161 2091 matrem
2220 2026 2508 2091 eiusdem
2555 2026 2853 2113 Gregorii
2887 2028 2918 2091 Ι
2976 2027 3229 2113 degisse
3288 2030 3354 2092 in
3406 2029 3549 2093 loco

660 2135 768 2218 qui
839 2132 1070 2197 dicitur
1135 2129 1320 2195 Cella
1384 2150 1582 2214 nova,
1666 2151 1832 2214 „quo
1914 2129 2225 2195 hactenus
2302 2132 2650 2196 oratorium
2720 2138 2786 2196 et
2853 2131 3169 2196 famosum
3237 2154 3284 2196 s.
3342 2131 3551 2197 Sabae

659 2236 1138 2318 monasterium,
1187 2234 1365 2298 cuius
1408 2233 1549 2297 laus
1594 2240 1693 2298 est
1737 2234 1800 2297 in
1847 2240 2034 2298 sexta
2080 2239 2146 2298 et
2188 2236 2463 2318 septima
2494 2235 2761 2318 synodo,
2795 2236 3205 2299 constitutum
3235 2236 3550 2301 videtur“.

659 2342 810 2405 Fuit
854 2341 1047 2425 igitur
1078 2338 1589 2422 antiquissimum
1620 2335 2018 2402 Graecorum
2064 2340 2522 2403 monasterium
2555 2338 2637 2402 ab
2670 2339 3049 2424 hegumenis
3080 2347 3346 2424 rectum,
3380 2340 3551 2425 quod

661 2446 931 2509 fortasse
978 2444 1255 2528 primum
1324 2440 1625 2506 exstabat
1681 2442 1744 2504 in
1802 2440 2029 2524 „Cella
2074 2442 2490 2508 Muroniana“
2542 2442 2631 2528 (n.
2673 2443 2737 2528 1)
2790 2448 2855 2507 et
2900 2450 3128 2527 postea
3174 2444 3552 2508 translatum

659 2550 799 2633 fuit,
845 2554 915 2612 ut
961 2548 1208 2631 opinor,
1267 2544 1350 2609 ad
1400 2545 1691 2628 „Cellam
1734 2545 2034 2609 novam“.
2123 2544 2332 2610 Huius
2376 2548 2748 2611 monasterii
2798 2546 3261 2630 „Cellanovas“
3310 2548 3552 2612 mentio

660 2655 732 2718 fit
775 2654 842 2716 in
872 2651 1025 2715 Vita
1072 2650 1384 2733 Stephani
1414 2649 1517 2713 III
1565 2647 1734 2734 (Lib.
1782 2650 2008 2733 pontif.
2059 2650 2160 2714 ed.
2202 2649 2544 2716 Duchesnc
2594 2651 2629 2714 I
2675 2649 2850 2736 471),
2897 2652 3161 2736 eiusque
3206 2652 3552 2736 hegumeni

660 2757 917 2841 saepius
980 2754 1320 2840 legationis
1387 2774 1651 2818 munere
1716 2760 1850 2817 tum
1920 2754 2004 2817 ad
2067 2755 2491 2839 imperatores
2559 2754 2955 2820 Graecorum
3023 2763 3157 2820 tum
3224 2754 3309 2820 ad
3366 2775 3555 2839 reges

660 2858 1236 2944 Langobardorum
1283 2863 1348 2922 et
1392 2856 1786 2921 Francorum
1832 2859 2030 2922 functi
2078 2867 2243 2942 sunt,
2291 2859 2669 2924 Theodorus
2713 2858 2830 2923 sub
2878 2858 3257 2944 Agathone,
3303 2858 3554 2924 Pardus

663 2963 778 3030 sub
823 2962 1160 3029 Hadriano
1208 2959 1243 3023 I
1300 2960 1369 3046 (l.
1404 2981 1457 3026 c.
1505 2962 1538 3026 I
1584 2965 1707 3027 493
1772 2970 1839 3028 et
1882 2962 2042 3028 cod.
2091 2963 2303 3029 Carol.
2352 2985 2453 3049 cp.
2490 2969 2590 3028 51.
2633 2968 2712 3029 55
2772 2964 2836 3027 in
2897 2963 3070 3028 Mon.
3119 2961 3336 3029 Germ.
3383 2962 3551 3049 Epp.

662 3070 766 3133 III
800 3073 946 3134 571.
981 3067 1166 3152 578),
1227 3066 1462 3131 Petrus
1520 3066 1824 3151 denique,
1880 3090 2073 3152 quem
2135 3068 2308 3133 idem
2355 3069 2647 3153 pontifex
2693 3068 3315 3151 Constantinopolim
3359 3069 3550 3132 misit.

661 3172 1036 3256 (Duchesne
1067 3171 1100 3234 I
1125 3170 1300 3256 511).
1376 3170 1461 3235 Et
1506 3170 1622 3234 sub
1656 3170 1971 3256 Gregorio
1994 3172 2129 3237 VII
2174 3175 2531 3238 invenimus
2561 3174 2855 3238 Maurum
2888 3172 3190 3237 abbatem
3237 3193 3365 3237 una
3409 3194 3554 3237 cum

662 3276 991 3360 Gepizone
1032 3274 1269 3340 abbate
1314 3295 1484 3339 mon.
1518 3296 1599 3338 ss.
1632 3275 1939 3339 Bonifatii
1973 3282 2040 3340 et
2070 3276 2289 3342 Alexii
2321 3278 2563 3362 pariter
2592 3278 2935 3363 legationis
2964 3297 3228 3342 munere
3269 3275 3556 3342 functum

661 3378 810 3464 (JL.
844 3383 1034 3444 4917.
1076 3383 1171 3443 18.
1206 3381 1308 3442 23.
1345 3378 1475 3463 25).

878 3483 1337 3548 Monasterium
1385 3505 1434 3545 s.
1468 3482 1700 3567 Sabae,
1748 3483 2020 3548 ditatum
2068 3507 2106 3549 a
2150 3485 2373 3549 Leone
2406 3483 2510 3548 III
2570 3483 2740 3568 (Lib.
2788 3484 3015 3568 pontif.
3063 3483 3165 3549 ed.
3211 3483 3555 3550 Duchesnc

661 3589 729 3652 II
776 3593 833 3652 9.
882 3588 992 3673 22)
1050 3594 1116 3653 et
1177 3608 1216 3650 a
1262 3585 1577 3670 Gregorio
1609 3585 1706 3650 IV
1752 3585 1820 3671 (l.
1855 3607 1908 3651 c.
1957 3587 2207 3674 1179),
2268 3594 2637 3653 recensetur
2696 3589 2889 3652 etiam
2937 3589 3003 3652 in
3048 3588 3343 3674 catalogo
3390 3588 3554 3651 anti-

667 3685 936 3778 quarum
970 3691 1102 3756 XX
1133 3690 1536 3755 abbatiarum
1567 3689 1759 3755 Urbis
1806 3690 1921 3754 sub
1970 3691 2156 3756 titulo
2204 3715 2253 3756 s.
2288 3692 2496 3757 Sabae
2545 3691 2747 3757 cellae
2793 3714 3021 3774 novae,
3065 3691 3174 3756 ubi
3221 3698 3321 3756 est
3363 3696 3558 3775 caput

663 3819 713 3860 a.
760 3796 1054 3860 Tiburtii.
1173 3793 1304 3858 Sed
1360 3795 1679 3857 nescimus
1739 3795 2047 3879 quamdiu
2103 3794 2333 3860 Graeci
2391 3795 2781 3860 obtinuerint
2837 3797 3326 3879 monasterium,
3383 3794 3555 3879 quod

665 3922 831 3966 saec.
864 3901 928 3964 X
975 3907 1042 3965 et
1085 3898 1185 3964 XI
1247 3919 1286 3961 a
1348 3898 1678 3961 monachis
1734 3898 2173 3964 Benedictinis
2226 3921 2310 3972 ex
2369 3900 2703 3965 Casinensi
2764 3899 3024 3965 abbatia
3068 3907 3313 3964 rectum
3358 3898 3555 3962 fuisse

666 4005 966 4070 creditur.
1058 4004 1138 4066 A.
1180 4006 1340 4065 1145
1398 4001 1636 4065 Lucius
1669 4001 1737 4065 II
1782 4002 2309 4067 cluniacensibus
2354 4003 2442 4089 (n.
2476 4003 2578 4090 3),
2639 4026 2698 4067 a.
2742 4007 2900 4067 1503
2961 4001 3162 4066 Iulius
3199 4002 3268 4066 Π
3313 4002 3554 4067 Cister-

665 4109 980 4174 ciensibus
1046 4106 1382 4172 commisit.
1501 4104 1853 4170 Abbatiam
1923 4108 2182 4172 omnino
2252 4107 2573 4173 desertam
2644 4106 2995 4194 Gregorius
3039 4105 3211 4171 XIII
3276 4129 3332 4171 a.
3389 4110 3553 4171 1573

668 4214 982 4278 concessit
1027 4211 1302 4296 collegio
1349 4209 2149 4298 Germanico-Hungarico
2196 4211 2275 4278 de
2321 4212 2517 4278 Urbe.

880 4420 1219 4504 Perpauca
1276 4425 1423 4482 sunt
1469 4439 1654 4504 quae,
1683 4440 1766 4483 ex
1812 4421 2078 4504 antiquo
2125 4421 2497 4485 monasterii
2543 4442 2591 4483 s.
2626 4418 2838 4484 Sabae
2886 4418 3203 4484 tabulario
3248 4419 3441 4484 hodie
3487 4420 3554 4482 in

666 4526 942 4610 collegio
993 4520 1792 4607 Germanico-Hungarico
1850 4523 2287 4589 adservantur.
2378 4525 2561 4599 Quae
2609 4525 2672 4586 in
2715 4522 3227 4587 Cluniacensium
3274 4522 3556 4606 archim,

665 4629 860 4695 hodic
906 4629 1191 4711 Parisiis,
1238 4633 1597 4711 supersunt,
1646 4648 1724 4690 ea
1769 4649 1883 4691 suo
1931 4629 2075 4692 loco
2120 4630 2425 4694 invenies.

669 4838 705 4900 1
3258 4874 3343 4881 .-
3387 4873 3471 4881 ...-

668 4941 1102 5026 Gregorius
1168 4938 1459 5024 Eugenio
1523 4961 1563 5003 a
1631 4962 1772 5006 sese
1840 4947 2212 5006 consecrato
2284 4962 2600 5025 egumeno
2669 4941 2734 5002 in
2803 4939 2946 5003 loco
3016 4961 3076 5023 q.
3136 4960 3306 5003 nom.
3374 4937 3559 5003 Cella

668 5047 1047 5111 Muroniana
1091 5064 1283 5128 supra
1328 5050 1583 5128 portam
1630 5044 1690 5108 b.
1737 5046 2070 5130 Apostoli,
2128 5044 2235 5108 ubi
2284 5053 2381 5109 cst
2427 5046 2699 5109 ecclesia
2742 5042 3075 5108 recondita
3118 5043 3203 5107 ad
3247 5043 3558 5107 honorem

667 5150 966 5236 imaginis
989 5149 1252 5214 -domini
1294 5148 1422 5215 Dei
1469 5196 1483 5211 .
1519 5196 1533 5211 .
1569 5196 1584 5211 .
