4065 6049
1217 478 1366 536 Mon.
1402 497 1473 536 ss.
1511 477 1733 549 Cyn-iaci
1769 481 1829 536 et
1865 476 2093 536 Nicolai
2128 477 2189 535 in
2225 476 2337 535 Via
2370 477 2510 536 lata.
3224 484 3307 548 79

414 656 562 722 huic
606 655 981 721 ancillarum
1013 655 1323 722 coenobio
1371 655 1728 720 subiectum
1775 655 1897 721 fuit
1939 656 2451 742 antiquissimum
2490 655 2948 720 monasterium
2979 676 3029 719 s.
3061 655 3317 721 Mariae

415 766 482 823 et
546 782 598 824 s.
643 758 847 825 Blasii
909 759 973 822 in
1041 760 1300 824 civitate
1343 758 1712 845 Nepesina,
1780 766 1977 847 atque
2046 761 2242 826 etiam
2299 760 2756 824 monasterium
2825 781 2875 824 s.
2925 757 3177 844 Cyriaci
3244 761 3309 823 in

415 861 773 947 Gernrode,
817 884 860 927 a
904 860 1163 928 Gerone
1208 863 1577 930 marchione
1623 864 2002 931 institutum.
2094 864 2225 931 Sed
2270 884 2439 929 saec.
2485 864 2633 948 XV,
2687 885 2816 928 una
2874 863 3200 930 abbatissa
3244 871 3313 930 et

417 974 561 1031 octo
608 965 994 1032 monialibus
1052 967 1457 1032 solummodo
1504 967 1934 1054 exstantibus,
1993 988 2304 1054 „quarum
2357 967 2576 1052 plures
2641 966 3012 1052 decrepitae
3059 966 3313 1034 fuerant

415 1078 483 1137 et
535 1072 715 1136 senio
776 1070 1292 1155 laboraverant“,
1361 1070 1692 1157 Eugenius
1736 1072 1854 1157 IV,
1927 1071 2154 1137 ordine
2220 1069 2724 1156 abbatissalique
2792 1069 3106 1157 dignitate
3160 1092 3311 1155 sup-

415 1177 673 1260 pressis,
719 1166 1178 1241 monasterium
1213 1175 1529 1241 ecclesiae
1576 1197 1626 1241 s.
1657 1176 1904 1241 Mariae
1951 1176 2018 1240 in
2044 1174 2173 1241 Via
2215 1175 2351 1240 lata
2394 1175 2456 1240 ei
2486 1175 2823 1258 proximae
2852 1176 3311 1260 incorporavit3

418 1277 591 1363 quod
635 1277 1090 1343 confirmarunt
1131 1277 1439 1343 Nicolaus
1469 1278 1530 1342 V
1562 1284 1628 1344 et
1666 1278 1959 1345 Calixtus
1988 1278 2116 1343 III.
2186 1277 2385 1343 Nulla
2427 1278 2719 1363 vestigia.
2745 1279 3116 1344 monasterii
3147 1300 3313 1343 nunc

414 1390 755 1468 supersunt
799 1380 908 1467 (cf.
954 1381 1166 1447 Lubin
1209 1403 1274 1468 p.
1309 1386 1464 1460 3343
1509 1381 1796 1448 Adinolfi
1841 1382 1912 1447 Π
1943 1385 2103 1460 298;
2147 1381 2492 1448 Armellini
2528 1381 2552 1421 ¹
2583 1403 2647 1466 p.
2686 1382 2842 1459 1883
2893 1379 2921 1421 ²
2952 1404 3015 1468 p.
3048 1381 3223 1468 476).

633 1589 1050 1659 Tabularium
1094 1590 1282 1655 huius
1313 1589 1626 1675 coenobii,
1672 1589 1891 1676 magni
1921 1591 2134 1676 pretii,
2181 1591 2421 1677 quippe
2453 1590 2625 1677 quod
2671 1590 2757 1656 ad
2800 1590 2866 1654 X
2897 1609 3065 1656 saec.
3110 1611 3312 1676 usque

419 1702 836 1761 monumenta
881 1695 1177 1778 custodit,
1226 1695 1727 1781 congregatione
1773 1716 2138 1780 suppressa,
2185 1714 2354 1760 saec.
2387 1694 2518 1760 XV
2560 1695 2813 1760 transiit
2856 1694 2940 1759 ad
2984 1693 3312 1759 archivum

421 1798 737 1865 ecclesiae
793 1821 844 1865 s.
889 1799 1137 1865 Mariae
1189 1800 1255 1863 in
1299 1800 1426 1864 Via
1470 1798 1637 1885 lata,
1697 1798 1805 1863 ubi
1864 1799 2059 1865 hodie
2115 1799 2511 1865 adservatur.
2608 1799 2761 1865 Fuit
2814 1799 3223 1884 exploratum
3276 1819 3317 1862 a

421 1903 793 1988 Martinelli,
837 1903 1219 1989 Massarelli,
1264 1902 1600 1988 Panvinio,
1647 1902 1918 1984 Strozzi,
1965 1902 2236 1969 Galletti
2283 1910 2351 1969 et
2392 1904 2759 1989 nuperrime
2806 1924 2846 1968 a
2888 1903 2963 1968 L.
2996 1900 3083 1967 M.
3115 1901 3315 1968 Hart-

421 2028 615 2072 mann
659 2006 1164 2074 Vindobonensi.
3016 2008 3024 2012 ⁴

631 2161 687 2215 A
739 2184 807 2208 =
844 2160 995 2233 Orig.
1033 2161 1214 2218 Roma
1248 2161 1416 2217 Arch.
1453 2161 1766 2233 capitolare
1804 2161 1861 2217 di
1899 2160 1952 2217 S.
1987 2160 2172 2218 Maria
2206 2160 2265 2217 in
2301 2160 2413 2218 Via
2447 2161 2586 2220 lata.

629 2248 687 2302 B
730 2271 797 2294 =
834 2247 970 2319 Cop.
1007 2248 1084 2304 ib.

633 2333 760 2386 ΘΗ
780 2356 846 2381 =
866 2333 1334 2406 Transsnmptum
1370 2334 1650 2392 bullarum
1687 2334 2091 2406 pertinentium
2130 2336 2203 2392 ad
2237 2352 2382 2391 mon.
2418 2354 2463 2391 s.
2490 2333 2726 2402 Ciriaci,
2762 2353 2807 2391 s.
2832 2334 3033 2391 XVI—
3045 2334 3221 2403 XVII,
3256 2336 3317 2391 in

833 2420 1102 2478 Memoris
1136 2422 1268 2479 dell'
1306 2421 1593 2479 antichita
1626 2421 1688 2477 di
1723 2420 1776 2479 S.
1799 2422 1983 2478 Maria
2017 2422 2077 2477 in
2110 2421 2223 2478 Via
2257 2423 2395 2489 lata,
2432 2422 2511 2478 ib.
2547 2420 2711 2493 (sign.
2746 2421 2885 2493 339).

627 2506 687 2562 D
734 2530 800 2553 =
839 2508 1008 2564 Liber
1049 2511 1555 2580 transsumptorum
1609 2507 2106 2566 instrumentorum
2154 2508 2674 2579 antiquissimorum
2729 2507 2790 2563 in
2843 2526 3208 2580 pergameno,
3262 2550 3276 2566 .
3303 2552 3316 2566 .

834 2595 1180 2667 compositus
1226 2613 1263 2652 a
1298 2595 1632 2667 Magalotti,
1678 2614 1804 2653 cum
1843 2595 2197 2668 praefatione
2243 2613 2365 2652 can.
2402 2596 2513 2651 Iac.
2556 2595 2640 2652 De
2684 2594 2894 2665 Pretis,
2946 2613 2991 2651 s.
3027 2595 3205 2663 XVII,
3241 2596 3321 2651 ib.-

629 2768 692 2823 Ε
729 2792 794 2815 =
834 2769 1001 2825 Liber
1021 2769 1414 2826 memoriarum
1438 2769 1817 2841 antiquarum,
1842 2787 1966 2825 cum
1993 2769 2348 2842 praefatione
2372 2785 2494 2825 can.
2520 2769 2632 2825 Iac.
2658 2769 2739 2826 De
2764 2769 2961 2836 PretiS,
2997 2768 3227 2836 s.XVII,
3244 2770 3319 2828 ib.

633 2855 696 2909 F
735 2879 802 2902 =
838 2856 1191 2913 Diversorum
1227 2856 1559 2929 pontificum
1597 2856 1817 2922 bullae,
1860 2857 2198 2929 privilegia,
2242 2876 2286 2914 s.
2311 2854 2699 2924 XVI—XVII,
2735 2856 2855 2913 eod.
2874 2855 3005 2913 Vnt.
3032 2855 3132 2911 lat.
3156 2856 3320 2923 6420;

835 2942 906 3000 cf.
942 2942 1100 3000 Gott.
1136 2943 1345 3000 Nachr.
1386 2944 1522 3001 1903
1556 2961 1611 3015 p.
1640 2945 1724 3000 16.
2774 2960 2777 2963 ·

635 3030 686 3086 0
732 3053 797 3077 =
834 3031 1114 3103 Onuphrii
1151 3031 1413 3088 Panvinii
1439 3030 1708 3099 Schedae,
1744 3049 1788 3088 s.
1812 3029 1965 3099 XVI,
2000 3030 2182 3087 Roma
2215 3030 2382 3087 Arch.
2406 3031 2538 3088 Vat.
2562 3030 2720 3088 Misc.
2744 3031 2895 3089 Arm.
2919 3030 3000 3086 XI
3026 3035 3069 3088 t.
3092 3031 3161 3088 34
3199 3030 3320 3101 [θ’]

840 3119 900 3172 et
933 3118 1084 3173 Arm.
1119 3115 1230 3172 XV
1266 3119 1308 3173 t.
1337 3116 1438 3172 128
1477 3116 1622 3187 [0³13
1660 3117 1730 3173 cf.
1766 3115 1922 3173 Gott.
1959 3116 2168 3173 Nachr.
2206 3116 2337 3173 1901
2377 3135 2432 3188 p.
2461 3117 2593 3188 lsq.

636 3200 719 3255 11¹
741 3226 807 3250 =
843 3202 1049 3274 Angeli
1081 3202 1398 3260 Massarelli
1431 3203 1515 3260 De
1550 3202 1911 3275 pontificibus
1931 3197 2007 3261 'ct
2041 3203 2420 3268 cardinalibus
2456 3204 2565 3260 vol.
2590 3204 2662 3270 11,
2697 3223 2741 3260 s.
2766 3203 2915 3273 XVI,
2953 3203 3131 3260 Roma
3154 3204 3321 3260 Arch.

842 3289 974 3346 Vat.
1010 3289 1167 3345 Misc.
1208 3291 1357 3345 Arm.
1392 3290 1475 3345 XI
1511 3294 1554 3346 t.
1579 3291 1674 3355 44;
1711 3291 1781 3349 cf.
1818 3291 1973 3347 Gutt.
2011 3290 2221 3347 Nachr.
2261 3291 2397 3348 1900
2432 3309 2488 3363 p.
2511 3291 2631 3347 387.

635 3375 719 3430 Η*
745 3398 811 3423 =
847 3375 1052 3447 Angeli
1093 3376 1408 3433 Massarelli
1448 3375 1813 3434 Miscellanea
1857 3377 1967 3434 vol.
2002 3378 2045 3446 Ι,
2089 3396 2133 3434 s.
2158 3376 2311 3444 XVI,
2360 3377 2473 3434 San
2517 3377 2781 3435 Severino
2826 3377 2971 3435 Bibl.
3007 3377 3323 3443 comunale;

844 3464 913 3519 cf.
952 3463 1108 3521 (ἔδει.
1145 3464 1356 3520 Nachr.
1396 3464 1530 3522 1898
1565 3482 1621 3536 p.
1645 3465 1847 3535 5058q.

635 3550 677 3604 I
735 3573 803 3597 =
839 3549 1181 3607 Floravante
1229 3550 1545 3608 Martinelli
1598 3550 1830 3623 Spoglio
1890 3549 1949 3606 di
1995 3550 2260 3608 scritture
2306 3551 2411 3609 che
2466 3551 2515 3607 si
2556 3550 2844 3608 ritrovano
2892 3550 3025 3608 nell'
3071 3551 3325 3608 archivio

840 3637 995 3694 della
1036 3637 1228 3695 chiesa
1269 3637 1328 3693 di
1373 3636 1428 3693 S.
1462 3636 1647 3693 Maria
1690 3637 1750 3693 in
1787 3637 1897 3693 Via
1931 3638 2071 3708 lata,
2105 3657 2149 3695 s.
2176 3638 2352 3707 XVII,
2389 3638 2510 3695 cod.
2543 3639 2674 3696 Vat.
2710 3639 2877 3695 Barb.
2913 3639 3050 3695 2429
3088 3639 3323 3708 (XXXII

842 3723 992 3794 220);
1031 3724 1101 3781 cf.
1138 3724 1294 3782 Gott.
1331 3724 1538 3782 Nachr.
1579 3723 1715 3782 1903
1749 3742 1806 3796 p.
1824 3725 1910 3781 86.

635 3808 701 3865 K
749 3832 816 3856 =
854 3810 1020 3867 Carlo
1053 3827 1170 3868 sen.
1204 3810 1417 3868 Strozzi
1452 3809 1685 3884 Spoglio
1721 3811 1870 3868 delle
1912 3811 2175 3870 scritture
2209 3811 2270 3868 di
2303 3811 2358 3869 S.
2391 3811 2576 3869 Maria
2609 3811 2668 3868 in
2695 3811 2807 3869 Via
2840 3812 2963 3870 lata
2996 3811 3056 3869 in
3090 3812 3325 3886 Spoglio

844 3895 941 3961 QQ
981 3897 1115 3954 1238
1163 3915 1218 3969 p.
1242 3898 1311 3954 97
1328 3915 1439 3969 sq„
1485 3916 1528 3953 s.
1552 3897 1741 3965 XVII,
1777 3897 2004 3955 Pirenze
2043 3898 2188 3954 Bibl.
2225 3898 2518 3956 nazionale
2553 3897 2848 3971 (Magliab.
2870 3897 3138 3953 XXXVII
3173 3898 3299 3968 306)
3311 3917 3326 3964 ;

843 3983 913 4040 cf.
950 3985 1106 4041 Gutt.
1142 3983 1351 4041 Nachr.
1389 3986 1527 4042 1904
1559 4004 1615 4057 p.
1645 3985 1762 4042 142.

639 4070 695 4125 L
750 4093 815 4117 =
851 4069 1057 4127 Istoria
1093 4071 1478 4128 ecclesiastica
1511 4071 1573 4127 di
1607 4070 1840 4139 Sabina,
1876 4091 1919 4129 s.
1943 4070 2132 4140 XVII,
2177 4072 2389 4144 Napoli
2423 4072 2572 4130 Bibl.
2608 4070 3028 4130 Brancacciana
3062 4072 3166 4143 (111
3204 4071 3251 4127 D
3275 4073 3326 4141 4,

845 4157 981 4220 olim
1015 4157 1051 4213 3
1068 4158 1114 4213 Ε
1132 4159 1205 4225 9).

641 4243 717 4297 Μ
745 4265 810 4290 =
850 4243 911 4299 P.
938 4244 997 4299 1..
1022 4244 1263 4302 Galletti
1316 4243 1735 4302 chartularium
1785 4263 1856 4301 ss.
1894 4243 2118 4315 Cyriaci
2171 4249 2232 4303 et
2286 4244 2512 4302 Nicolai
2565 4246 2627 4302 in
2659 4245 2772 4302 Via
2813 4245 2936 4302 lata
2972 4245 3082 4301 vol.
3118 4245 3327 4313 I—III,

846 4348 891 4387 s.
907 4330 1119 4398 XVIII,
1156 4332 1276 4389 cod.
1304 4332 1435 4389 Vat.
1472 4333 1571 4389 lat.
1611 4333 1909 4390 8048—50
1952 4332 2116 4404 [ΜΨ
2172 4334 2241 4388 cf.
2278 4332 2550 4405 Pflugffl.
2589 4333 2704 4390 Iter
2746 4351 2804 4404 p.
2840 4333 2968 4398 136;
3017 4332 3329 4388 Hartmann

847 4416 884 4474 1.
912 4434 959 4473 c.
983 4436 1042 4489 p.
1068 4417 1194 4486 XII,
1218 4418 1372 4475 Gott.
1399 4418 1608 4476 Nachr.
1640 4420 1777 4478 1903
1800 4437 1858 4491 p.
1881 4420 1966 4476 25.
2001 4450 2071 4460 -
2106 4419 2471 4476 Miscellanea
2495 4418 2605 4476 vol.
2628 4419 2727 4486 XI,
2752 4438 2793 4475 s.
2818 4418 3023 4485 XVIII,
3050 4419 3170 4474 cod.
3198 4418 3328 4475 Vat.

851 4503 953 4561 lat.
978 4504 1117 4560 7932
1151 4504 1307 4577 [Μ’].
1350 4529 1425 4550 ⁶-
1471 4505 1857 4579 spicilegium,
1894 4525 1935 4563 s.
1971 4506 2177 4572 XVIII,
2214 4507 2335 4562 cod.
2360 4505 2491 4563 Vat.
2527 4507 2628 4562 lat.
2665 4506 2805 4564 8054
2849 4505 3007 4576 [31⁸1.
3042 4535 3108 4544 -
3144 4504 3331 4561 Storia

846 4590 939 4647 dei
984 4591 1139 4649 conti
1186 4592 1487 4649 Tuscolani
1543 4593 1650 4649 vol.
1686 4593 1905 4660 I—III,
1957 4613 2002 4651 s.
2029 4593 2243 4660 XVIII,
2297 4593 2418 4651 cod.
2443 4594 2573 4650 Vat.
2600 4594 2702 4650 lat.
2726 4592 3005 4651 8042—-14
3042 4591 3203 4663 [M⁴];
3258 4591 3328 4648 cf.

847 4677 1004 4735 Gott.
1038 4678 1247 4736 Nachr.
1286 4680 1422 4739 1903
1456 4698 1512 4752 p.
1529 4679 1755 4738 23-25.
2348 4727 2351 4728 ν

436 4748 517 4813 *1
3053 4750 3243 4833 (981)

433 4853 920 4920 Benedictus
964 4853 1098 4919 VII
1158 4856 1504 4922 committit
1569 4854 1902 4942 Stephano
1961 4856 2326 4943 primicerio
2377 4877 2427 4920 s.
2475 4859 2682 4942 apost.
2730 4853 2934 4937 sedis,
2995 4860 3067 4918 ut
3111 4852 3332 4919 audiat

438 4958 760 5043 Angelam
818 4956 889 5044 (l.
937 4958 1298 5045 Agatham)
1352 4958 1746 5025 abbatissam
1802 4981 1972 5024 mon.
2019 4982 2104 5026 ss.
2150 4959 2405 5045 Cyl-iaci
2462 4965 2529 5025 et
2582 4957 2835 5023 Nicolai
2890 4957 2973 5021 de
3020 4957 3145 5022 Via
3196 4957 3330 5020 lata

436 5068 661 5127 contra
703 5062 1059 5148 Farolfum,
1104 5064 1423 5129 Marinum
1470 5072 1539 5129 et
1579 5063 1867 5129 Piccium
1911 5064 2165 5130 fratres.

543 5173 827 5330 Βῳῖιῗιαέ.
863 5175 927 5229 in
960 5177 1225 5231 sententia
1261 5176 1518 5246 &ephani
1543 5176 1845 5246 primicerii
1879 5193 1931 5232 a.
1968 5183 2064 5231 981
2100 5175 2204 5245 (ed.
2229 5175 2549 5231 Hartmann
2587 5175 2623 5229 1
2653 5183 2716 5229 14
2752 5189 2810 5229 n.
2839 5179 2943 5227 1οα
2980 5185 3048 5225 ex
3072 5170 3112 5225 Ι
3129 5186 3189 5240 p.
3212 5170 3324 5239 64).
